3372 5366
819 380 860 438 23

202 564 366 638 Odysseae
397 565 556 626 memoria
586 567 708 642 tenent,
740 581 836 640 saepe
867 580 949 639 quae
981 565 1013 624 in
1045 580 1081 625 eo
1114 581 1210 625 versu
1233 566 1311 625 illud
1336 567 1469 626 verbum

202 679 391 754 sequuntur,
415 679 619 739 substituunt
641 694 697 753 pro
720 679 760 739 iis
783 694 866 752 quae
889 679 922 738 in
947 694 1043 739 versu
1067 693 1164 752 quem
1188 679 1283 739 modo
1303 680 1468 740 transscri·

201 791 280 851 bunt
311 794 500 865 sequuntur.
527 793 562 853 Ε.
586 807 615 866 g.
640 793 714 866 post
736 788 911 869 ἐυκνημῖδες
934 793 967 853 in
990 792 1089 853 Iliade
1113 792 1300 866 plerumque
1324 793 1470 866 sequitur

201 899 308 982 ἅχαισι,
338 905 372 965 in
403 906 548 979 Odyssea
578 903 697 985 ἑταῖροι,
719 905 833 967 multis
856 907 968 967 autem
992 905 1071 966 locis
1094 905 1128 964 in
1151 907 1239 968 codd.
1264 907 1384 966 nostris
1406 906 1468 980 leg.

200 1015 375 1096 ἐυκνημῖδες
399 1015 496 1098 ἅχαιοι
520 1036 548 1080 6.
572 1035 602 1094 g.
627 1019 646 1098 β
670 1020 744 1079 402.

245 1131 351 1192 Huius
379 1133 575 1194 confusionis
594 1133 744 1207 exempla
764 1133 919 1194 sexcenta
938 1147 979 1192 ex
999 1132 1160 1193 codicibus
1179 1133 1300 1193 nostris
1320 1133 1468 1208 colligere

200 1261 339 1319 possem.
372 1248 409 1307 In
441 1247 605 1308 variarum
636 1247 812 1306 lectionum
840 1247 923 1307 serie
955 1245 1091 1320 singulis
1114 1245 1194 1306 locis
1219 1239 1317 1306 verbo
1340 1247 1468 1309 aliunde

200 1358 299 1435 illato,
336 1376 466 1421 versum
507 1362 591 1423 uude
629 1361 815 1436 provenisse
852 1360 988 1436 videtur,
1027 1359 1160 1433 apposui
1199 1359 1248 1429 (ci.
1264 1405 1270 1419 .
1286 1363 1322 1434 .);
1358 1361 1469 1420 notavi

199 1475 365 1546 praeterea
389 1489 504 1535 versus
527 1475 581 1535 ubi
605 1476 731 1536 similes
754 1491 879 1536 errores
903 1476 1035 1536 exstant
1058 1473 1132 1544 (vid.
1158 1474 1256 1534 etiam
1272 1519 1278 1534 .
1295 1477 1345 1544 ..1.

244 1589 475 1649 Percurremus
502 1589 621 1664 raptim
653 1605 754 1650 unum
783 1589 913 1665 librum,
945 1590 982 1648 ut
1004 1589 1174 1648 videamus
1199 1603 1297 1661 quam
1320 1588 1385 1648 late
1409 1588 1469 1648 hoc

200 1701 323 1761 malum
343 1703 470 1776 pateat;
495 1702 617 1762 multos
641 1718 755 1762 versus
778 1703 937 1763 indicasse
957 1703 1087 1762 tantum
1110 1706 1162 1761 sat
1182 1701 1252 1761 erit.
1273 1700 1362 1774 Elegi
1375 1701 1428 1760 lib.
1442 1701 1467 1776 ξ,

199 1829 397 1888 quamquam
417 1816 541 1890 primus
561 1817 697 1890 quisque
717 1833 818 1890 aeque
839 1820 934 1892 aptus
953 1818 1079 1877 adrem
1100 1815 1386 1876 demonstrandam
1407 1817 1467 1876 est.

243 1929 258 2000 ξ
290 1931 309 1988 6
340 1925 520 2014 περισκέπτῳ
551 1926 595 1988 ε’ν1
625 1929 709 2014 χώρῳ
740 1932 819 2008 cod,
852 1931 893 1991 ai.
917 1931 990 1991 1661.
1015 1927 1226 2008 κατωρυχέεσσι
1248 1927 1360 1987 λίθοισι
1385 1929 1468 2002 quod

198 2043 296 2102 ι185
327 2044 401 2116 post
431 2039 534 2120 ὑψηλὴ
566 2039 692 2121 δέδμητο
728 2045 883 2120 sequitur,
924 2043 1150 2119 superscripsit
1181 2036 1231 2103 ci
1264 2043 1353 2102 llust.
1385 2043 1467 2102 hanc

199 2154 372 2216 lectionem
405 2172 531 2230 quoque
561 2157 593 2216 iu
625 2158 788 2218 nonnullis
820 2159 982 2219 codicibus
1013 2158 1190 2218 invenerat.
1215 2157 1346 2216 Praeter
1368 2178 1378 2214 ι
1404 2156 1466 2216 185

201 2266 412 2349 κατωρυχέεσσι
435 2270 547 2330 λλθασι
570 2272 603 2332 in
625 2267 722 2332 Hom.
746 2287 810 2332 non
834 2273 1006 2333 invenitur.

246 2387 286 2445 12
317 2383 452 2456 πυκνοὺς
474 2382 523 2444 καὶ
543 2382 659 2462 θαμέας
679 2386 833 2462 plerique,
854 2406 883 2444 π.
903 2409 928 2444 κ.
949 2384 1093 2465 μεγάλους
1114 2385 1140 2446 G
1159 2385 1212 2461 al,
1233 2386 1323 2446 Eust.
1344 2386 1465 2445 utrum·

198 2515 260 2574 que
292 2499 392 2560 novit.
425 2499 464 2560 cf.
499 2502 538 2558 M
567 2502 619 2560 57.
644 2500 765 2561 Eadem
796 2501 894 2560 verba
922 2501 1092 2561 coniuncta
1121 2499 1330 2560 inveniuntur
1353 2499 1367 2571 ξ
1392 2501 1466 2576 521,

198 2627 261 2673 non
286 2610 377 2673 alias

244 2728 284 2786 31
318 2733 467 2806 σκῆπτρον
498 2723 530 2786 δέ
560 2727 591 2787 οἱ
615 2725 717 2786 ἔκπεσε
740 2727 893 2804 plerique,
926 2745 951 2787 σ.
976 2728 1001 2787 ὃ.
1026 2724 1050 2787 ὁ.
1074 2725 1177 2806 ἔκβαλε
1201 2728 1228 2787 G
1251 2728 1292 2788 al.
1317 2743 1359 2786 ex
1382 2727 1401 2804 β
1426 2729 1466 2788 37

198 2821 263 2900 (ubi
287 2841 338 2900 est
361 2837 487 2918 ἔμβαλε).

242 2955 283 3013 33
316 2943 378 3012 ὦκα
409 2949 479 3012 ποσὶ
509 2957 679 3031 κραιπνοῖσι
709 2956 781 3031 cei„
814 2945 875 3013 ὦκα
906 2954 1065 3034 παρίστατο
1093 2953 1124 3014 οἶ
1145 2954 1180 3030 G,
1206 2971 1246 3014 ex
1271 2956 1295 3012 Β
1320 2953 1393 3014 244.
1419 2953 1468 3012 Ad

197 3068 340 3128 metrum
364 3067 558 3142 explendum
582 3067 704 3128 addidit
727 3067 759 3127 oi
779 3069 939 3129 librarius.

243 3183 286 3241 50
305 3177 397 3260 δέρμα
417 3183 489 3258 cet,
509 3175 599 3258 δέμνι’
615 3181 651 3244 G.
665 3182 751 3242 satis
763 3183 877 3242 notum
891 3179 994 3260 δέμνια
1007 3178 1035 3241 δ’
1057 3180 1212 3261 ἐστόρεσαν
1225 3183 1299 3242 sim.
1313 3183 1350 3240 ut
1363 3181 1380 3239 d
1393 3182 1465 3241 301.

244 3297 284 3356 76
307 3288 450 3374 παρεθῆιί
478 3289 583 3372 ὀδυσῆι
606 3298 678 3371 cet„
702 3291 855 3375 παρέθηκε
879 3293 1012 3375 φέρουσα
1036 3296 1072 3373 G,
1098 3297 1137 3357 61.
1162 3320 1181 3354 α
1208 3298 1269 3356 139
1294 3296 1335 3355 al.

242 3409 283 3472 87
307 3401 391 3468 οἷκον
414 3404 447 3468 di
470 3405 591 3467 nicodoro
614 3409 767 3486 plerique,
792 3402 875 3469 οἶκον
899 3406 931 3469 δὲ
955 3407 1074 3482 ἕκαστος
1099 3403 1166 3472 (112
1185 3411 1226 3470 al.
1251 3410 1290 3470 61.
1315 3432 1333 3466 α
1357 3409 1431 3469 424.

245 3524 304 3582 121
331 3521 465 3600 συβώτης
489 3518 615 3600 ὄρχαμος
639 3519 758 3602 ἀνδρῶν
782 3524 802 3584 1.
827 3541 851 3584 r.
877 3517 927 3584 G2.
953 3525 1034 3600 Quid
1062 3526 1227 3599 scripserit
1255 3523 1281 3584 G
1311 3538 1374 3583 non
1400 3524 1467 3582 iam

197 3637 303 3710 patet;
337 3636 394 3696 sed
424 3636 486 3695 luit
516 3637 586 3696 sine
616 3636 711 3696 dubio
744 3653 844 3696 unum
878 3639 1006 3698 exiliis
1038 3638 1253 3698 hemistichiis
1280 3652 1362 3710 quae
1387 3636 1467 3696 alias

197 3751 270 3823 post
300 3747 351 3808 τὸν
383 3743 410 3807 δ’
446 3744 568 3827 ἠμείβετ’
603 3747 700 3808 ἔπειτα
732 3752 921 3827 sequuntur,
954 3767 981 3812 e.
1005 3767 1034 3825 g.
1066 3751 1212 3822 πολύτλας
1237 3749 1299 3821 δῖος
1324 3746 1467 3820 ὀδασσεύς

198 3862 249 3922 vel
272 3863 346 3923 sim.
371 3863 456 3935 quid.

245 3977 306 4036 158
326 3981 409 4036 θεῶν
429 3976 510 4054 ξενίη
530 3998 559 4036 τε
578 3973 704 4055 υραπὲζα
728 3979 799 4053 tet„
824 3974 999 4056 ἐρίγδουπος
1021 3978 1107 4050 πόσις
1129 3977 1203 4057 ἥρης
1224 3979 1267 4052 (1;
1289 3979 1327 4038 61.
1349 3982 1373 4035 θ
1393 3979 1468 4052 465,

198 4090 260 4150 vid.
286 4091 386 4150 etiam
414 4112 430 4168 ρ
458 4092 530 4167 155,
555 4114 574 4150 υ
599 4093 672 4151 230.
698 4091 795 4150 Vides
819 4107 950 4151 versum
975 4094 1059 4153 huno
1082 4093 1308 4152 formularium
1331 4091 1468 4164 singuiis

197 4204 277 4265 locis
299 4205 399 4265 aliam
422 4205 456 4264 in
479 4205 553 4264 aliis
576 4205 664 4266 codd.
689 4205 806 4266 habere
829 4206 978 4268 formam.

245 4318 308 4377 175
330 4314 398 4376 θεοὶ
421 4315 498 4396 ἔρνει
520 4310 586 4378 ἶσον
610 4334 723 4378 omnes
747 4319 846 4395 codd,
871 4325 902 4378 θ.
923 4319 1103 4399 οὐρανίωνες
1124 4337 1152 4380 a.
1174 4322 1195 4380 1.
1221 4314 1272 4396 G²‚
1294 4319 1332 4380 61.
1353 4342 1372 4396 η
1394 4320 1466 4378 242.

244 4430 307 4490 248
332 4427 493 4509 ἐσαγείρετο
516 4429 586 4502 λάος
609 4433 681 4508 cei„
707 4429 785 4512 ἐσαχ.
809 4431 909 4509 θύμος
933 4434 967 4494 Pr
992 4435 1031 4494 61.
1059 4435 1084 4492 O
1109 4434 1182 4494 240.

244 4545 307 4605 274
340 4539 356 4602 ὅ
388 4537 415 4602 d'
443 4541 565 4623 ἐρύσατο
592 4541 642 4602 καὶ
670 4538 694 4621 μ’
723 4541 839 4622 ἐλέησεν
871 4548 943 4622 cei,
968 4543 983 4605 ὁ
1009 4541 1039 4606 δ’
1066 4544 1189 4625 ἐρύσατο
1213 4543 1263 4605 καὶ
1286 4540 1311 4624 μ’
1342 4543 1469 4606 ἐσάωσεν

200 4658 338 4720 (illust.
364 4659 444 4736 ο1.χ
469 4661 542 4719 372.
567 4659 636 4719 Vid.
662 4659 761 4719 etiam
787 4660 804 4718 d
828 4662 901 4722 364.
