3372 5366
278 599 289 634 ι
319 577 383 638 466
413 574 540 658 ἕτάροισι
570 578 708 657 φάνημεν
739 583 812 660 cet,
844 585 877 644 et
907 588 980 660 post
1011 588 1242 649 correctionem
1273 589 1299 650 G
1331 593 1404 659 (non
1437 583 1499 666 ἀλ),

234 685 346 768 ἑτάροις
369 689 497 768 ἱκόμεθιι
520 708 549 753 s.
574 709 600 754 c.
626 694 662 755 G.
686 695 881 760 Huiusmodi
904 699 983 761 locis
1007 701 1087 761 vitia
1109 703 1198 763 nesci
1220 703 1378 764 videmus.

278 826 299 880 μ
324 805 386 864 175
409 801 505 866 κέλετο
529 809 601 884 cet,
625 804 760 870 κέλευσεν
783 811 817 874 F.

278 939 296 975 ν
328 919 369 978 28
400 916 545 997 τετιμένος
576 924 648 999 cet,
679 921 867 1004 τετιμημένος
899 927 923 988 F
953 927 995 989 al.
1021 929 1058 989 In
1082 929 1109 990 G
1132 931 1183 990 est
1206 880 1351 1008 τειιίιένος
1383 935 1434 1009 (μη
1457 947 1501 992 se.

235 1023 296 1102 θ’).
322 1031 361 1094 cf.
385 1055 400 1110 χ
424 1034 488 1093 425
512 1033 627 1096 τίουσαι
651 1040 724 1116 cet„
748 1047 871 1119 τιμῶσαι
895 1041 929 1103 F.

278 1167 295 1224 ρ
326 1147 390 1208 296
422 1143 630 1227 ἀποιχομένοιο
660 1147 786 1225 ἀνακτος
817 1154 849 1214 Χ
878 1152 932 1234 χρ]
963 1149 1110 1228 devectus
1141 1174 1186 1220 58.
1216 1159 1248 1220 X
1274 1163 1367 1233 (quae
1398 1159 1503 1220 forma

234 1259 370 1337 novicia,
401 1276 464 1322 non
494 1263 668 1326 Homerica
699 1268 770 1344 est),
802 1263 1009 1346 ἀποιχομένοιο
1041 1265 1170 1350 ὀδοσῆος
1202 1275 1307 1334 metro
1337 1273 1439 1334 invito
1467 1274 1501 1349 F,

234 1368 433 1451 ἀποιχομένου
456 1370 585 1454 ὀδνσῆος
608 1377 661 1440 GP
683 1379 725 1440 al.

279 1507 294 1544 ι
317 1487 357 1547 31
383 1484 530 1562 ἀνοίξανά
556 1486 681 1564 ὀδοσεὺς
709 1494 781 1571 cet,
805 1490 962 1568 ἀνοίξαντι
983 1495 1079 1576 πάιηρ
1103 1499 1138 1575 F,
1166 1514 1248 1572 quae
1274 1500 1369 1561 lectio
1395 1501 1503 1561 nescio

235 1615 276 1660 sn
299 1604 453 1676 praestet.

280 1856 412 1917 Glossas
435 1857 528 1919 iuxta
552 1861 686 1920 verbum
711 1864 859 1924 servatas
882 1864 982 1924 habes
1006 1880 1033 1926 e.
1057 1880 1088 1939 g.

279 1972 296 2042 ζ
317 1972 357 2033 27
382 1971 432 2030 ἴνα
455 1975 527 2049 cet„
552 1967 587 2032 ἵν’
614 1971 690 2034 ὅπου
714 1975 748 2038 F.

279 2107 298 2162 η
333 2086 395 2145 108
426 2084 551 2164 φαίηκες
582 2089 655 2164 cet,
686 2087 812 2166 φαίηκες
843 2085 949 2169 ἀνδρες
981 2091 1015 2151 F.
1048 2090 1218 2152 Glossema
1245 2087 1352 2170 ἀνδρες
1375 2095 1504 2168 propter

235 2215 375 2273 sequens
397 2204 535 2280 γυναῖκες
558 2203 812 2278 superscriptum
836 2205 915 2265 oret.

279 2336 297 2372 κ
320 2315 385 2374 414
409 2309 448 2384 ὣς
473 2316 546 2391 eet,
570 2311 709 2388 ὡσαύτως
733 2317 768 2379 Ρ.

280 2451 300 2505 μ
324 2429 388 2488 218
412 2439 513 2512 νωμᾷς
537 2432 609 2506 eet,
634 2440 734 2515 νωμᾷς
757 2426 879 2509 κατέχης
903 2432 935 2501 (l.
959 2437 1041 2509 -χεις)
1066 2433 1099 2493 Ρ.

280 2557 298 2599 σ
323 2543 382 2601 161
410 2537 454 2601 ἀλλ
476 2544 549 2618 cet,
573 2537 627 2620 ἠδὲ
649 2539 699 2602 καί
721 2544 756 2604 F.

283 2657 344 2718 193
376 2652 528 2740 ἀμβροσίῳ
555 2654 608 2741 οἵιμ
632 2657 704 2734 cet,
729 2653 881 2742 ἀμβροσίῳ
904 2656 978 2742 θείμ
999 2651 1022 2741 ᾧ
1046 2659 1079 2720 F.
1104 2657 1156 2744 οἴρι
1181 2661 1278 2721 metri
1302 2675 1400 2722 causa
1424 2661 1457 2721 in
1481 2653 1504 2743 ᾧ

236 2772 416 2831 correctum
440 2770 576 2831 videtur.

282 3021 487 3082 correcturas
510 3021 603 3081 iuxta
629 3022 760 3082 verbum
786 3022 876 3082 vides
899 3038 927 3082 e.
952 3037 982 3096 g.

280 3212 292 3248 ι
313 3189 375 3248 122
395 3187 607 3267 καταίσχετεται
624 3190 658 3265 F,
675 3205 717 3250 ex
732 3134 1049 3267 uaealoxelllnatum
1070 3189 1110 3249 ef.
1127 3201 1153 3263 ψ
1173 3190 1215 3249 46
1234 3184 1352 3266 κραταιὲ
1364 3187 1504 3250 πέδονΡ.

281 3324 299 3360 ν
320 3304 383 3380 235
410 3299 565 3380 κεκλιμένη
593 3305 663 3380 cet,
684 3298 909 3379 κεκλιμένωμένι
932 3302 966 3362 Ρ.
987 3302 1201 3362 praecedente
1225 3300 1273 3360 ίίλι
1295 3303 1329 3363 in
1348 3299 1506 3387 κεκλιμένῳ

238 3417 361 3476 abierat
382 3411 546 3493 κεκλιμένη.

282 3531 296 3602 ξ
321 3531 384 3592 270
409 3527 576 3609 ἐναντίβιον
599 3530 751 3605 plerique,
776 3525 911 3588 ἐναντίον
935 3529 969 3605 F,
994 3526 1199 3608 έναντίονβιον
1225 3529 1260 3590 Ρ.

284 3768 385 3828 Multa
417 3768 515 3829 verbs
544 3784 626 3842 quae
658 3769 690 3828 in
722 3768 860 3829 dictione
891 3768 981 3842 opica
1009 3768 1117 3828 omitti
1137 3771 1284 3846 possunt,
1307 3769 1340 3828 in
1364 3769 1507 3830 oratione

240 3882 348 3942 soluta
381 3883 556 3944 desiderari
589 3884 762 3958 nequeunt,
798 3898 817 3942 a
847 3883 1081 3955 glossatoribus
1112 3883 1329 3956 superscripta
1359 3897 1445 3943 nunc
1474 3883 1508 3943 in

240 3997 334 4056 textu
363 3997 482 4057 tradito
513 3997 739 4070 inveniuntur;
770 3997 807 4055 ut
831 3996 997 4072 articulus,
1021 3997 1220 4072 pronomina,
1246 3987 1268 4055 ἀ
1292 3997 1325 4057 in
1349 3996 1507 4071 vocativo,

240 4107 318 4169 ἐστίν
349 4113 410 4171 cet.
442 4111 494 4172 Sic
523 4126 580 4186 pro
611 4109 718 4169 verbis
748 4108 848 4170 finitis
880 4110 1082 4184 simplicibus
1112 4110 1290 4170 substitute
1318 4111 1395 4170 sunt
1425 4124 1508 4169 com·

240 4225 356 4302 posite,
390 4225 585 4286 recentiores
617 4223 741 4284 soimas
775 4224 918 4298 poetices
953 4225 1213 4300 summoverunt,
1248 4225 1345 4297 atque
1384 4223 1508 4285 sensim

241 4341 331 4400 totus
354 4339 526 4399 contextus
548 4339 697 4398 mutatus
720 4339 780 4397 est.
804 4337 839 4397 E.
864 4352 894 4410 g.

286 4457 302 4526 ζ
325 4455 388 4514 225
412 4450 449 4529 δὴ
473 4459 530 4512 νῦν
553 4452 628 4525 ξεῖνε
650 4451 803 4528 plerique,
828 4458 885 4510 νῦν
910 4442 933 4510 ὦ
957 4451 1032 4523 ξεῖνε
1056 4451 1083 4511 G
1106 4451 1148 4512 al.

286 4592 305 4646 η
331 4569 393 4630 162
417 4567 514 4640 ξεῖνον
537 4561 591 4644 μὲν
614 4568 686 4642 eet,
710 4562 761 4624 τὸν
784 4564 882 4637 ξεῖνον
907 4565 933 4625 G
956 4564 989 4624 Τ.
1014 4564 1163 4626 Glossam
1186 4562 1238 4623 τὸν
1262 4579 1306 4623 se.
1331 4557 1380 4624 P².

287 4706 298 4742 ι
330 4683 393 4743 532
423 4678 474 4741 καί
504 4683 592 4760 μοῖρα
621 4679 683 4756 GF,
714 4674 765 4737 καί
794 4671 866 4757 μοῖρ’
904 4674 963 4736 έστί
993 4678 1028 4754 P,
1060 4671 1134 4757 μοῖρ’
1161 4674 1220 4738 έστλ
1242 4677 1273 4738 Η
1300 4677 1341 4739 al.
1365 4677 1400 4747 (P
1424 4677 1457 4737 et
1480 4675 1510 4735 H
