3372 5366
885 400 904 460 2

257 591 411 666 enotavit,
442 605 523 664 quae
553 587 666 649 deinde
698 589 839 648 Laroche
866 588 899 648 in
930 603 1024 648 suam
1057 588 1232 650 editionem
1263 591 1393 666 recepit.
1419 591 1524 652 Huius

206 679 209 684 Ι
255 707 288 765 et
311 704 531 780 praecedentis
554 705 683 765 textum
707 703 832 777 primus
857 701 1010 766 Ludwich
1033 704 1140 763 totum
1163 705 1318 765 excussit.

299 819 378 879 Tres
401 820 497 879 hosce
520 817 655 893 codiceS,
676 817 793 890 quibus
812 817 1007 876 recentiores
1028 831 1100 876 esse
1121 831 1235 876 omnes
1255 831 1335 889 quos
1356 820 1523 892 praeterea

255 933 409 1009 adhibuit,
442 931 594 991 Ludwicb
625 929 778 1006 affirmat,
811 944 869 1003 ego
900 930 1043 1003 integros
1066 930 1205 990 contuli.
1239 929 1387 992 Codicem
1411 932 1437 991 G
1461 933 1522 1006 ipsi

253 1046 437 1106 Ludwicbio
456 1046 589 1120 dignum
604 1046 711 1105 visum
733 1059 814 1119 esse,
834 1043 867 1103 in
887 1058 949 1116 quo
969 1045 1049 1104 haec
1068 1058 1164 1118 opera
1184 1043 1403 1121 collocaretur,
1425 1061 1522 1120 supra

253 1160 334 1236 dixi;
360 1161 383 1220 F
407 1162 440 1221 et
462 1160 487 1218 P
510 1160 590 1220 mibi
616 1159 677 1219 visi
704 1160 790 1218 sunt.
815 1158 899 1218 Nam
922 1158 1075 1218 Ludwioh
1098 1158 1131 1218 in
1156 1158 1357 1218 excutiendis
1382 1160 1520 1219 vetustis

253 1274 452 1334 membranis
475 1289 538 1334 non
562 1288 636 1334 eam
660 1287 788 1347 semper
811 1271 1022 1347 diligentiam,
1047 1287 1150 1345 neque
1175 1308 1203 1316 -
1226 1273 1255 1331 si
1276 1273 1326 1332 fas
1346 1275 1397 1332 est
1416 1273 1520 1333 dicere

254 1389 292 1448 de
324 1389 392 1447 viro
423 1388 456 1448 in
486 1387 718 1461 manuscriptis
751 1386 895 1459 legendis
930 1385 983 1445 diu
1018 1387 1148 1445 versato
1187 1421 1215 1430 —
1261 1401 1333 1446 earn
1371 1387 1519 1460 peritiam

253 1502 407 1577 adhibuit,
430 1503 466 1561 ut
484 1503 554 1561 tute
573 1501 643 1561 eius
659 1500 886 1560 auctoritatem
907 1499 1071 1574 sequaris;
1092 1499 1194 1558 immo
1213 1499 1294 1560 vitia
1314 1499 1370 1558 vix
1389 1500 1520 1560 serenda

252 1616 285 1674 in
320 1615 390 1675 eius
421 1615 559 1676 editione
589 1615 806 1689 inveniuntur,
838 1616 875 1673 ut
906 1614 1019 1688 postea
1050 1614 1251 1686 argumentis
1281 1614 1518 1675 demonstrabo.

253 1729 347 1790 (lodd.
379 1729 581 1790 Florentinos
604 1728 785 1789 Florentiae
809 1727 946 1802 contuli;
972 1726 1118 1786 Palatino
1141 1741 1197 1800 per
1220 1727 1383 1800 egregiam
1408 1727 1519 1787 libera·

250 1843 378 1903 litatem
410 1843 470 1902 viri
499 1843 538 1904 cl.
570 1843 653 1904 Prof.
686 1841 718 1902 G.
743 1840 996 1914 Zangemeieter,
1020 1840 1074 1912 qui
1098 1839 1309 1900 bibliothecae
1334 1841 1515 1900 Heidelber·

250 1957 342 2029 gensi
365 1957 503 2032 praeest,
527 1956 560 2016 in
584 1956 776 2018 bibliotheca
799 1953 1090 2027 bugnano-Batava
1114 1953 1161 2012 uti
1185 1953 1265 2013 mihi
1288 1953 1389 2014 licuit.
