3372 5366
813 363 832 421 9

185 548 218 605 et
241 547 261 605 i.
286 548 424 619 49r=g
448 551 594 623 12-34;
619 550 724 624 prima
746 565 859 610 rursus
882 551 1041 611 secundae
1061 553 1082 611 f.
1104 554 1229 610 94=i
1251 553 1404 613 96-146
1419 544 1451 627 ¹),

185 659 206 719 f.
232 663 357 719 so=i
383 663 566 723 ror-240.
1434 655 1439 668 ’

229 774 346 834 Forma
376 776 409 834 in
441 769 496 852 8⁰„
529 777 605 836 folia
644 778 718 853 22ss
741 788 766 839 Χ
790 778 829 837 16
861 778 930 850 οΜ.,
970 779 1116 852 singulae
1151 779 1286 853 paginae
1323 781 1452 839 27-30

186 903 300 946 versus
323 888 451 950 habent.

229 1001 487 1077 subscriptiones
506 1005 604 1064 hasce
627 1005 780 1079 continet,
804 1005 942 1079 priorem
967 1007 1004 1065 ut
1027 1006 1093 1066 dixi
1117 1021 1217 1066 manu
1241 1005 1395 1078 Palagani
1420 1005 1453 1063 in

185 1116 272 1177 calce
296 1115 459 1190 Odysseae
483 1118 504 1179 i.
530 1119 612 1178 224v
636 1119 711 1188 (tab.
737 1116 807 1196 Ivi:

407 1224 480 1309 τέρμ’
507 1224 546 1290 ἴδ’
573 1228 659 1310 ἔλαβε
682 1230 762 1316 μόγῳ
788 1230 825 1311 ῥὰ
848 1229 1010 1312 ἀγοίκλοτος
1034 1227 1084 1310 ἥδ’
1111 1228 1232 1293 dioran

405 1342 507 1422 βίβλος
530 1339 552 1422 γ’
579 1343 684 1422 ἥντινα
706 1342 833 1424 γίγλαφε
856 1340 1063 1426 τταλαγᾶνοςῆ
1087 1340 1141 1424 χερ’
1168 1345 1239 1430 trip,

406 1453 439 1529 ὃς
461 1456 499 1537 ῥὰ
521 1452 584 1536 μάλ’
611 1456 753 1537 ἀσκηθεὶς
779 1453 796 1544 ᾗ
818 1459 937 1538 πατρίδι
960 1459 1029 1544 γαίρ
1054 1460 1180 1544 ίδρούσχ

407 1571 548 1649 μουσάων
570 1571 658 1652 μόνος
681 1570 853 1651 εὐφραδέως
876 1570 1004 1633 τελέθων
1028 1571 1161 1652 ἐνέφηνε.

407 1681 561 1766 διστριχίίί
589 1684 681 1746 ίτοίων
704 1685 896 1766 προθεόντων
920 1684 1102 1747 ἑπτακοσίων

406 1798 511 1885 είνοίτιμ
534 1797 582 1860 ἐπὶ
605 1789 701 1860 τοῖσδε
724 1794 746 1879 γ’
758 1877 760 1884 .
774 1798 828 1860 ἔτει
852 1797 1010 1861 σονέτιοντι
1034 1799 1071 1861 νὺ
1096 1803 1206 1877 μᾶλλον

406 1912 475 1992 μηνί
501 1911 538 1993 dp
562 1913 727 2000 αὐχούστιμ,
750 1914 905 1974 ίνδικτιόνι
928 1937 958 1974 τε
981 1914 1108 1996 τετάρτῃ.

229 2027 308 2087 Dein
331 2027 450 2088 litteris
472 2029 594 2089 rubris:

406 2141 516 2218 τυφλὸς
540 2141 633 2223 μερὼν
657 2141 767 2223 ἔγραψε
791 2148 850 2215 τοῖς
875 2140 953 2216 νέοις
975 2141 1078 2203 τόνων
1103 2144 1134 2214 (Ι.
1158 2145 1280 2212 πονῶν).

229 2255 288 2314 Est
307 2271 412 2315 annus
435 2257 548 2316 mundi
572 2258 669 2332 6709,
695 2256 813 2317 Christi
840 2257 935 2318 1201.

229 2369 341 2429 Altera
371 2370 563 2444 subscriptio
593 2371 627 2430 in
651 2371 738 2433 calce
762 2372 969 2434 Batrachom.
995 2387 1014 2432 a
1037 2387 1137 2431 manu
1161 2369 1302 2429 secunda
1324 2369 1346 2428 f.
1372 2369 1454 2428 229ν

185 2483 260 2553 (tab.
285 2482 337 2552 Vl:

228 2592 308 2668 τέλος
339 2595 395 2656 σὺν
425 2603 486 2682 θεῷ
510 2606 561 2676 τῆς
595 2599 899 2679 βατραχομυομαχίας·
930 2596 1045 2679 ἐγράφη
1077 2595 1149 2678 χειρὶ
1179 2596 1354 2678 τταλαμοίνον
1385 2596 1454 2657 νίοῦ

184 2709 356 2790 ττελεγρίνου
384 2710 511 2790 κόμητος
534 2721 587 2773 τοῦ
611 2710 670 2772 ἀπὸ
693 2721 745 2792 τῆς
769 2713 918 2791 ἲδρούσης.
943 2710 1015 2791 μηνί
1038 2708 1188 2796 ὀκτωβρίιμ
1211 2719 1263 2789 τῆς
1286 2710 1343 2770 ίνδ.
1367 2707 1380 2770 ε’
1402 2709 1454 2782 [είς

184 2819 235 2894 τὰς
265 2822 285 2901 ή
316 2819 426 2903 ἡμέρας
459 2826 564 2887 serius
593 2826 706 2886 eadem
739 2842 857 2887 manus
891 2827 1023 2897 addidit]
1055 2823 1138 2896 ἔτους
1170 2821 1254 2904 gapt.
1285 2821 1341 2884 εἰσὶ
1372 2819 1458 2883 6ὲοὶ

184 2935 275 3015 στίχοι
297 2945 348 3015 τῆς
371 2939 666 3018 βατραχομυομαχίας
690 2936 756 2997 ἅττ’.

228 3051 286 3111 Est
309 3067 413 3112 annus
438 3054 550 3114 mundi
575 3055 672 3128 6710,
699 3053 817 3114 Christi
844 3054 938 3113 1202.

228 3166 274 3226 De
297 3166 429 3226 scholiis
449 3169 517 3228 cod.
537 3167 676 3227 Palatini
696 3172 789 3241 (quae
809 3169 878 3242 ipse
898 3168 1047 3227 accurate
1068 3166 1224 3240 inspicere
1245 3180 1309 3225 non
1329 3165 1418 3239 potui
1433 3157 1454 3235 ³)

184 3279 263 3339 haec
295 3281 424 3354 scripsit
455 3281 635 3341 Buttmann
663 3282 695 3340 in
727 3281 825 3356 praei.
857 3297 886 3356 p.
916 3281 956 3340 X.
984 3280 1107 3356 „Libris
1130 3279 1294 3352 Odysseae
1317 3301 1399 3356 α-γ
1423 3279 1456 3338 et

183 3395 207 3449 θ
238 3408 306 3466 sqq.
340 3394 462 3453 scholia
493 3394 623 3466 quidem
654 3396 731 3454 sunt
761 3394 862 3469 aihta,
893 3395 949 3454 sed
980 3408 1083 3466 pauca
1111 3407 1211 3466 eaque
1235 3407 1298 3452 non
1321 3392 1453 3466 optima.

184 3506 270 3566 Libri
301 3509 413 3567 autem
437 3506 464 3584 d,
487 3529 509 3584 ε,
533 3509 555 3583 ζ,
578 3530 596 3584 η
623 3508 786 3580 margines
815 3507 935 3566 habent
963 3505 1104 3581 repletos
1127 3506 1259 3566 scholiis
1283 3505 1412 3579 scriptis
1435 3521 1455 3564 a

184 3636 283 3680 manu
315 3621 409 3693 longe
441 3621 578 3697 diversa,
611 3621 770 3695 scriptura
802 3620 1025 3680 minutissima
1056 3621 1088 3680 et
1115 3621 1243 3694 propter
1267 3619 1455 3693 compendia

183 3733 269 3793 lectu
301 3734 431 3795 difficili.
465 3735 505 3794 Et
535 3736 615 3795 haec
645 3735 774 3807 quidem
802 3734 925 3795 scholia
947 3733 1091 3794 melioris
1114 3733 1225 3804 utique
1249 3734 1326 3792 sunt
1348 3734 1454 3807 notae,

218 4010 238 4078 ¹)
261 4015 403 4075 scripserat
426 4031 460 4064 m.
480 4018 493 4064 I
515 4031 599 4077 usque
620 4019 652 4064 sd
671 4019 718 4065 146
736 4017 782 4064 sed
798 4017 891 4064 deinde
909 4017 1102 4064 erasit144—6
1120 4017 1180 4075 quia
1197 4029 1231 4063 m.
1249 4015 1275 4062 II
1291 4017 1455 4075 inseparata

183 4106 260 4141 versu
278 4096 334 4142 144.

216 4167 238 4236 ²)
261 4173 299 4219 De
319 4174 448 4232 Polagano
467 4176 574 4235 eiusque
591 4176 675 4236 patrio
692 4177 756 4222 haec
773 4177 894 4235 leguntur
912 4176 981 4236 opud
998 4177 1029 4222 Η.
1048 4175 1182 4232 Schrader,
1199 4175 1334 4234 Porphyrii
1350 4175 1454 4229 Quasst.

184 4251 258 4297 Hom.
287 4252 320 4297 ad
348 4253 438 4310 odyss.
466 4257 603 4313 pertinent.
633 4255 708 4314 reliq.
735 4268 760 4314 p.
791 4257 846 4302 164.
871 4255 940 4313 „Ego
963 4256 1116 4301 coniecerim
1139 4254 1297 4312 Pelagonum
1321 4253 1454 4310 Hydrunte

185 4330 264 4376 fnisse
287 4331 432 4388 oriundum,
455 4346 563 4392 eamque
586 4334 677 4381 urbem
701 4337 838 4393 postquam
861 4334 887 4380 in
910 4335 1112 4381 Normunnorum
1130 4334 1318 4393 possessionem
1334 4332 1454 4389 venisset,

184 4422 199 4456 s
223 4409 364 4467 Graeculis,
388 4411 554 4470 frigidissimo
579 4427 648 4466 sons,
671 4425 721 4459 non
739 4413 832 4478 Ὑδροῦς
850 4413 896 4460 sed
914 4413 1010 4477 tripodas
1028 4412 1094 4466 πόλις
1110 4413 1191 4460 fuisse
1208 4412 1359 4467 vocitatam
1377 4411 1454 4458 etism

184 4489 287 4534 nomina
303 4489 433 4548 Pelegrini
450 4493 477 4536 et
493 4492 575 4550 ipsius
592 4492 715 4550 Palagnni
731 4491 810 4538 Italos
827 4493 913 4552 potius
932 4505 1009 4551 quam
1028 4493 1140 4540 Graecos
1157 4491 1277 4551 produnt.
1294 4493 1342 4536 etc.

217 4563 237 4626 ³)
255 4569 346 4615 Notavi
364 4572 465 4617 tanturn
483 4589 495 4630 η
514 4572 545 4618 22
560 4573 586 4618 in
601 4573 621 4618 P
639 4584 742 4632 quoqne
756 4574 786 4618 ut
801 4571 827 4618 in
842 4572 866 4619 H
884 4583 940 4618 osso
955 4573 1112 4639 ἂριοτοράνης
1127 4571 1139 4630 ἤ
1154 4572 1183 4630 ῥά
1198 4587 1238 4627 μοι
1252 4569 1321 4628 quod
1335 4569 1454 4629 opinatus

185 4650 224 4694 est
241 4647 357 4694 Dindorf.
