3372 5366
845 356 883 413 10

228 537 473 609 maximamque
497 541 622 612 partem
647 541 831 615 conspirant
854 544 911 602 aut
934 558 1007 604 cum
1033 543 1057 619 Q
1082 543 1217 613 (Mediol.
1241 545 1390 604 Ambroa
1412 545 1500 618 part.

228 666 298 725 sup.
335 652 359 728 Q
396 651 449 722 88)
483 654 540 712 aut
571 668 644 713 cum
677 654 947 717 Harleianis...’'
981 657 1109 718 Scholia
1137 659 1217 718 baec
1246 659 1279 717 in
1310 657 1385 718 libb.
1412 656 1501 734 δ--η

228 765 350 846 addidit
369 781 486 826 manus
506 767 612 843 tertia,
633 782 731 839 quam
752 769 920 842 aequalem
941 786 1013 832 esse
1030 771 1100 832 eius
1112 773 1335 845 quaetextum
1348 773 1503 833 exaravit

228 894 326 954 supra
349 879 425 940 dixi.
451 879 607 941 Schrader
629 883 798 942 recentiori
823 885 934 945 manui
958 900 997 945 ea
1021 885 1173 947 vindicat.

273 994 494 1068 Paragraphos
525 995 696 1070 adscripsit
726 997 751 1056 P
778 997 818 1056 iis
843 997 1001 1074 versibus,
1025 999 1079 1059 ubi
1102 999 1204 1060 oratio
1228 1001 1285 1060 aut
1308 1015 1393 1060 nova
1420 1015 1500 1074 pars

228 1107 424 1168 narrationis
441 1107 553 1183 incipit
562 1128 569 1184 ;
591 1111 886 1186 comparationibus
902 1127 999 1186 saepe
1011 1111 1190 1188 praefixum
1203 1109 1257 1191 ms
1271 1131 1316 1170 =
1332 1111 1499 1192 παραβόλη.

229 1221 394 1282 Diastolen
418 1223 451 1282 et
473 1219 550 1298 ὑφέν
573 1239 645 1284 raro
669 1225 822 1285 adhibuit.

272 1335 464 1396 Nominibus
494 1338 629 1412 propriis
663 1339 880 1414 superscripta
911 1341 962 1399 est
991 1339 1086 1416 linea,
1119 1341 1155 1400 ut
1185 1339 1218 1400 in
1250 1339 1284 1412 F,
1316 1342 1373 1399 aut
1403 1335 1500 1416 ὄνομα

229 1449 343 1528 κύριον,
365 1450 425 1510 hoc
448 1465 544 1525 saepe
567 1453 802 1527 compendiose.
831 1452 880 1512 Ex
909 1468 967 1512 suo
991 1453 1170 1528 exemplari
1193 1453 1253 1514 hoc
1276 1454 1500 1527 desumpsisse

229 1563 396 1624 librarium
420 1565 512 1626 docet
535 1586 551 1624 o
575 1567 639 1625 414
663 1567 717 1626 ubi
740 1582 836 1641 super
859 1564 977 1642 κτήσιος
1001 1568 1131 1642 scripsit
1154 1563 1223 1642 ὄνος
1248 1566 1319 1636 (fuit
1342 1567 1441 1640 igitur
1463 1567 1499 1630 in

229 1735 267 1780 eo
289 1719 370 1781 libro
393 1669 428 1780 ὅῖι
451 1723 536 1794 quod
559 1725 593 1782 et
615 1718 709 1800 ὄνομα
733 1725 766 1784 et
790 1719 858 1794 ὄνος
882 1722 1063 1795 signifieat).

275 1833 415 1907 Singulis
446 1835 536 1895 libris
567 1837 606 1896 ab
637 1837 707 1911 ipso
730 1837 859 1897 librario
883 1837 1081 1912 praemissae
1104 1835 1274 1913 ὑποθέσεις,
1297 1840 1330 1898 et
1353 1853 1373 1898 a
1396 1852 1498 1897 manu

229 1948 405 2008 recentiore
436 1951 629 2022 argumenta
652 1951 864 2010 monosticha.
891 1951 1040 2011 (indicem
1063 1952 1087 2010 P
1111 1967 1153 2012 ex
1176 1952 1355 2027 exemplari
1378 1951 1498 2011 litteris

230 2062 422 2122 minusculis
464 2066 597 2124 exarato
636 2065 832 2139 descriptum
869 2080 951 2140 esse,
987 2066 1101 2125 docent
1135 2066 1262 2140 praeter
1296 2065 1401 2125 multa
1434 2064 1499 2125 alia

229 2175 309 2236 haec
341 2178 475 2239 menda:
507 2194 547 2235 σπ
577 2180 610 2238 et
640 2199 662 2237 u
693 2179 827 2240 confusa
860 2173 928 2248 (ἕρπ’
963 2176 1055 2238 οὐδόν
1084 2166 1219 2254 passim,
1243 2175 1335 2237 ἀσπέο
1358 2194 1414 2253 pro
1438 2175 1497 2259 ἀπὸ

229 2284 260 2347 ἕο
288 2312 299 2348 ι
330 2292 416 2367 461),
448 2292 467 2370 β
502 2293 536 2352 et
566 2315 586 2369 μ
622 2297 798 2371 (aucupium
828 2315 846 2352 a
878 2295 963 2370 588),
995 2295 1068 2354 net
1096 2316 1115 2371 η
1148 2289 1193 2371 (ἠὲ
1224 2308 1280 2368 pro
1311 2288 1344 2352 κὲ
1375 2293 1389 2365 ξ
1422 2294 1497 2368 395,

229 2400 343 2462 νέκνιαι
366 2404 381 2476 ξ
407 2406 492 2473 524).

274 2517 343 2578 Hoc
374 2519 541 2593 exemplar
572 2521 771 2594 compendiis
802 2536 899 2580 usum
932 2537 1004 2582 esse
1028 2520 1166 2582 efficitur
1189 2521 1318 2583 exiliis
1341 2521 1421 2580 locis
1445 2521 1498 2580 ubi

229 2649 285 2707 pro
317 2633 407 2693 exitu
438 2654 470 2703 ος
502 2633 721 2694 Potantum
743 2634 850 2710 habet,
875 2636 912 2694 ut
934 2655 947 2692 ε
972 2637 1013 2696 29
1038 2631 1141 2714 ἄγγελο
1165 2651 1206 2695 ex
1229 2631 1331 2713 dyysl⁰
1365 2637 1497 2708 natum;

230 2747 269 2806 ci.
294 2747 394 2806 etiam
417 2768 433 2804 τ
457 2748 520 2806 355
544 2747 600 2806 ubi
622 2762 678 2822 pro
702 2745 797 2824 μήτηρ
820 2747 917 2807 habet
941 2749 965 2807 P
990 2757 1074 2826 μηρῶ
1098 2765 1139 2809 ex
1162 2725 1221 2825 μηρ
1244 2751 1368 2808 natum.

275 2861 417 2934 Singulis
446 2861 572 2934 paginis
602 2862 662 2921 hoc
693 2862 905 2935 archetypum
938 2864 978 2921 23
1003 2862 1069 2922 fere
1095 2878 1207 2922 versus
1234 2863 1386 2922 babuisse
1410 2863 1497 2937 patet

230 2990 271 3035 ex
302 2975 425 3034 duobus
455 2975 580 3035 lacunis
610 2976 644 3034 in
676 2977 717 3050 P;
748 2976 851 3035 altera
882 2979 916 3046 (θ
940 2977 1059 3044 9-31)
1093 2977 1133 3034 23
1158 2989 1323 3050 versuum,
1349 2975 1451 3034 altera
1475 2975 1500 3044 (ζ

232 3089 417 3158 nal-ale)
442 3091 483 3149 93
507 3089 594 3159 (zi
616 3100 642 3151 ><
664 3091 704 3148 23
721 3097 758 3155 ÷
776 3090 805 3158 1)
830 3104 995 3148 versuum.
1444 3164 1447 3169 .

275 3201 320 3262 De
355 3201 432 3261 fatis
466 3202 585 3274 iniquis
619 3202 737 3263 codicis
769 3203 908 3262 Palatini
941 3201 1003 3262 vid.
1037 3201 1165 3260 Wilken
1204 3200 1318 3260 Gesch.
1350 3201 1380 3260 d.
1413 3200 1498 3260 alten

231 3314 375 3374 Heidelb.
399 3315 764 3390 Buchersammlungen.

276 3428 458 3504 specimina
488 3429 666 3503 scripturae
693 3430 770 3490 data
793 3431 870 3489 sunt
896 3429 930 3488 in
953 3429 1017 3488 tab.
1043 3428 1090 3487 Ili
1114 3427 1146 3496 (i.
1171 3427 1497 3502 berziso-126),

231 3542 274 3602 IV
298 3543 330 3612 (f.
356 3541 580 3602 224v=finis
601 3543 764 3618 Odysseae
789 3559 863 3603 cum
888 3541 1195 3616 subscriptione),‘V
1220 3542 1251 3611 (i.
1278 3538 1498 3599 224v=finis

231 3656 434 3718 Batrachom.
460 3672 534 3716 cum
559 3658 804 3732 subscriptione.

276 3860 355 3920 Tres
385 3860 418 3919 hi
449 3861 575 3922 codices
603 3861 760 3937 omnium,
792 3860 847 3933 qui
871 3875 956 3920 nunc
979 3860 1047 3920 noti
1071 3861 1157 3934 sunt,
1182 3873 1245 3918 non
1269 3859 1399 3917 tantum
1423 3857 1496 3916 anti·

232 3973 392 4050 quissimi‚
414 3989 528 4034 verum
548 3975 648 4034 etiam
668 3973 782 4047 optimi
806 3974 892 4033 sunt.
918 3974 1045 4047 Agmen
1066 3971 1153 4033 ducit
1173 3972 1209 4046 G,
1230 3971 1285 4044 qui
1305 3985 1498 4044 quamquam

232 4087 342 4147 minus
384 4090 533 4147 accurate
574 4102 673 4160 qnam
715 4086 749 4162 F,
794 4102 834 4146 ex
873 4086 977 4146 multo
1012 4085 1144 4146 meliore
1178 4086 1290 4144 tamen
1326 4083 1499 4157 exemplari

233 4201 413 4275 descriptus
436 4202 504 4276 est;
529 4203 603 4274 post
628 4199 654 4259 G
677 4199 823 4271 sequitur
846 4200 880 4275 F,
905 4199 1017 4258 deinde
1042 4198 1076 4258 P.

277 4315 445 4375 Lectiones
476 4314 634 4386 quasdam
665 4312 846 4371 Aristarchi
876 4313 909 4371 in
940 4313 1028 4372 hisce
1059 4312 1138 4371 solis
1167 4311 1330 4372 codicibus
1353 4311 1498 4370 servatas

233 4444 306 4488 esse
330 4429 525 4487 monuerunt
550 4427 598 4496 (de
623 4425 659 4496 d)
684 4425 880 4501 Gotschlich,
905 4427 954 4496 (de
974 4426 1008 4495 F)
1033 4425 1187 4485 Ludwich
1210 4425 1308 4500 praei.
1329 4439 1358 4498 p.
1380 4423 1455 4484 XVI
1470 4416 1497 4492 ¹).

270 4645 289 4713 ¹)
308 4649 384 4695 1458
403 4649 422 4694 F
440 4647 519 4694 habet
535 4646 643 4705 ἄμπνυτο
660 4659 711 4692 non
729 4648 836 4706 ἔμπνυτο.
