3372 5366
815 367 856 424 24

241 551 305 610 304
329 546 403 629 ὑπὲρ
426 554 581 632 γλαφυρῆς
605 553 678 628 cet,
702 546 776 630 ὑπὲρ
800 554 930 628 κεφαλῆς
955 552 989 628 F,
1014 553 1053 613 os.
1079 552 1097 612 d
1121 553 1196 615 803.

242 666 304 726 357
336 665 451 726 Nescio
482 680 523 725 an
550 666 613 726 huc
637 665 737 726 etiam
761 665 944 740 pertineant
966 667 1220 741 praepositiones
1244 671 1405 746 confusae,
1430 673 1467 730 ut

196 778 256 837 hoc
286 777 355 838 loco
387 773 435 836 ἐπὶ
465 792 563 850 quam
595 778 655 838 cet.
688 778 721 840 et
751 773 825 855 ὑπὲρ
856 793 953 851 quam
982 779 1138 842 Ghabet.
1163 782 1312 844 Fortasse
1336 799 1377 843 ex
1401 785 1464 844 304

196 892 259 951 huc
290 890 434 965 irrepsit;
467 891 565 950 toties
595 891 707 952 autem
729 893 957 966 permutantur
985 893 1017 953 in
1042 894 1131 955 codd.
1155 897 1407 970 praepositiones
1432 899 1467 958 ut

196 1004 276 1063 nihil
300 1005 379 1065 corti
403 1005 504 1065 statui
526 1005 639 1079 possit.

242 1119 306 1178 439
337 1116 389 1176 καί
417 1139 468 1196 μιν
499 1115 642 1194 φωνήσας
665 1115 801 1196 προσέφη
829 1118 992 1198 πολύμητις
1025 1116 1169 1194 ὀδυσσεύς
1200 1124 1272 1198 cet,
1303 1121 1355 1182 καί
1375 1146 1404 1200 μ.
1435 1146 1467 1199 φ.

197 1228 267 1291 ἔπεα
298 1230 454 1311 πιερόενια
485 1231 643 1312 προσηύδα
674 1234 707 1294 F.
733 1232 855 1294 Versus
885 1235 918 1295 hi
949 1236 1127 1298 formularii
1156 1252 1285 1310 semper
1308 1237 1374 1298 fere
1398 1252 1467 1298 con·

198 1345 384 1408 funduntur.

244 1459 307 1519 485
332 1455 486 1536 ἐμμαπέως
510 1457 663 1520 ὑπάκουσε
687 1461 759 1536 cet,
784 1457 848 1538 ἐμμ.
870 1457 1014 1540 ἀνόρουσε
1033 1463 1067 1524 F.
1089 1463 1129 1524 cf.
1152 1465 1180 1520 E
1200 1464 1274 1524 836.
1293 1457 1469 1542 Ἐμμαπέως

198 1573 249 1634 his
272 1573 396 1634 duobus
420 1575 549 1635 tantum
573 1574 653 1636 locis
676 1575 818 1635 obvium.

244 1687 309 1747 500
331 1690 453 1764 χλαῖναν
477 1684 547 1747 θέτο
571 1688 598 1748 G
622 1687 674 1764 al,
698 1688 738 1748 cf.
767 1709 790 1763 φ
817 1688 889 1749 118.
910 1711 934 1766 χ.
956 1687 1027 1766 βάλε
1047 1689 1097 1748 FP
1117 1690 1170 1765 al,
1195 1690 1233 1750 ci.
1258 1713 1277 1749 α
1297 1691 1327 1766 4,
1349 1693 1373 1749 Β
1396 1692 1468 1752 183.

198 1800 316 1860 Utrum
340 1801 485 1875 praestet
508 1816 572 1861 non
596 1817 637 1861 ex
661 1801 823 1862 codicibus
847 1802 1032 1875 petendum.

245 1915 306 1974 501
332 1915 371 1993 βῆ
396 1911 428 1974 δὲ
450 1910 533 1974 θέειν
557 1916 628 1991 cet,
653 1915 692 1992 βῆ
717 1908 745 1974 δ’
771 1911 848 1974 ἰέναι
871 1915 911 1990 F;
936 1916 1060 1989 passim
1084 1917 1258 1990 utrumque
1281 1917 1452 1978 invenitur.

243 2026 301 2087 Est
324 2028 423 2088 etiarn
444 2028 500 2088 ubi
518 2043 582 2088 non
603 2043 742 2101 sequens
755 2029 900 2106 verbum,
922 2030 978 2090 sed
998 2030 1193 2104 praecedens
1213 2030 1306 2091 alteri
1325 2032 1469 2108 cesserit,

200 2142 237 2202 ut
267 2141 282 2213 ξ
314 2143 354 2201 21
387 2138 451 2200 αἰὲν
482 2141 570 2201 ἴαυον
601 2141 754 2219 plerique,
790 2143 823 2203 in
853 2143 969 2217 quibus
992 2143 1080 2219 GFP,
1104 2140 1185 2215 ἕκτος
1208 2142 1296 2204 ἴαυον
1319 2145 1355 2221 Τ,
1379 2145 1469 2208 aust.

200 2257 240 2316 al.
265 2255 360 2317 lectio
384 2249 435 2332 (λλ,
456 2271 497 2316 ex
521 2271 551 2316 v.
580 2257 619 2317 16
643 2256 863 2330 desumptum.

245 2369 296 2430 Sic
327 2386 353 2432 e.
375 2385 405 2443 g.
433 2366 537 2441 ἐύξοον
568 2370 652 2442 quod
682 2370 806 2444 passim
830 2371 864 2430 in
887 2371 941 2431 lib.
966 2393 989 2446 φ
1014 2371 1179 2446 epitheton
1204 2387 1271 2433 voc.
1296 2371 1382 2445 τόξον
1408 2375 1470 2449 est,

200 2482 300 2543 etiam
324 2504 347 2572 φ
372 2483 435 2543 405
460 2483 564 2544 metro
587 2483 690 2544 invito
712 2484 787 2545 huic
810 2484 907 2545 verbo
931 2484 1078 2544 additum
1102 2486 1162 2545 est.
1206 2541 1208 2548 ,

244 2595 411 2671 Optimum
439 2597 624 2672 exemplum
657 2597 754 2657 huius
786 2598 903 2658 erroris
933 2599 985 2658 est
1016 2598 1117 2658 etiarn
1148 2599 1250 2669 ζ316
1280 2600 1313 2659 in
1339 2598 1381 2664 G.
1408 2601 1469 2662 vid.

199 2725 270 2785 Pag-
295 2712 326 2771 4·

246 2825 338 2886 Hanc
368 2825 589 2886 contusionem
620 2825 699 2900 ipsis
730 2825 870 2885 librariis
897 2826 1122 2900 imputandam
1147 2841 1230 2901 esse,
1258 2829 1385 2900 praeter
1408 2828 1472 2888 alia

201 2939 263 2999 duo
294 2938 445 3014 exempla
475 2955 517 2998 ex
549 2939 575 3000 G
605 2939 709 3014 petita
743 2939 923 3000 luculenter
955 2939 1079 3001 docent.
1115 2962 1125 2997 ι
1163 2942 1226 3000 317
1262 2941 1337 3000 ante
1368 2937 1470 3018 όθήυη

201 3052 283 3125 quod
297 3052 426 3126 scripsit
438 3052 474 3129 G,
488 3068 550 3113 non
561 3047 611 3129 G2,
625 3069 756 3114 erasum
769 3055 820 3114 est
832 3050 976 3112 ιἰπολλαν.
989 3053 1028 3114 ci.
1042 3075 1065 3128 φ
1079 3054 1153 3129 338,
1166 3075 1182 3130 χ
1197 3057 1225 3130 7,
1240 3056 1273 3112 Η
1284 3053 1337 3130 81,
1353 3056 1385 3112 Π
1397 3056 1470 3116 725.

202 3166 364 3226 Librarius
395 3167 450 3239 qui
480 3167 514 3226 in
545 3167 722 3241 exemplari
752 3167 838 3227 unde
869 3166 1069 3227 describebat
1100 3167 1213 3226 habuit
1242 3163 1345 3243 ἀθήνη
1369 3168 1407 3226 ut
1430 3183 1472 3228 ex

202 3279 304 3354 ipsius
324 3281 520 3340 correctione
540 3281 640 3356 patet,
660 3283 772 3341 tamen
792 3279 920 3354 scripsit
940 3276 1087 3356 ἀπόλλων,
1106 3280 1182 3353 quia
1202 3279 1269 3358 δοίη
1290 3279 1363 3363 (δώῃ
1382 3278 1471 3363 πόρῃ)

202 3392 234 3454 δέ
257 3417 307 3472 μοι
331 3395 373 3466 (οἱ
392 3398 446 3464 τοι)
471 3383 555 3472 εὖχος
579 3389 715 3453 ἀπόλλων
739 3395 768 3454 ai
793 3391 919 3453 ἔναυλον
942 3395 1013 3454 erat
1036 3409 1077 3454 ex
1098 3393 1177 3454 locis
1197 3409 1294 3469 supra
1316 3394 1425 3454 allatis
1440 3389 1471 3464 ¹).

246 3532 265 3568 υ
297 3511 360 3569 232
393 3505 538 3568 ἐλεύσεται
569 3501 695 3566 οἴκαδ’
731 3503 875 3578 ὄδυσσεύς
899 3509 972 3584 cet,
997 3505 1142 3568 ἐλεύσεται
1166 3501 1302 3567 ἐνθάδ’
1329 3502 1472 3579 ὄδυσσεύς

201 3623 292 3684 Gex
316 3623 331 3695 ξ
358 3624 431 3683 161.
456 3621 609 3696 Sequenti
633 3623 745 3682 autem
769 3637 866 3682 versu
888 3637 945 3696 pro
969 3619 1095 3698 ἐπόψεαι
1114 3621 1150 3680 αἴ
1167 3615 1191 3680 α’
1217 3617 1370 3704 ἐθέλῃσθα
1395 3623 1472 3683 noto

202 3751 308 3796 errore
331 3736 463 3810 scripsit
485 3732 630 3796 ἕλεόσειαι
653 3729 779 3794 οἴκαδ’
809 3731 961 3807 όδυσσεός.
984 3735 1100 3796 Melius
1122 3735 1310 3809 exemplum
1335 3734 1473 3794 inveniri

201 3864 296 3924 posse
319 3864 382 3909 nou
407 3849 509 3910 credo.

245 3963 316 4024 Vid.
339 3964 506 4037 praeterea
530 3978 612 4036 quae
636 3977 734 4038 supra
757 3977 787 4037 p.
814 3963 854 4022 14
879 3961 946 4022 dixi
969 3963 1008 4023 de
1033 3962 1180 4022 versibus
1203 3977 1248 4021 ex,
1268 3960 1348 4022 locis
1371 3960 1471 4036 paral·

201 4077 275 4138 lelis
298 4076 435 4138 iteratis.

246 4190 335 4250 Haec
369 4189 479 4250 omnia
512 4180 627 4250 docent
660 4190 821 4264 imprimis
856 4189 1036 4250 Homerum
1072 4202 1170 4249 suum
1205 4187 1325 4261 optime
1357 4189 1470 4247 notum

201 4303 353 4364 habuisse
377 4303 536 4378 librarios,
560 4303 634 4374 (vid.
659 4305 786 4378 praeter
808 4303 873 4364 alia
893 4303 1043 4377 exempla
1064 4302 1078 4374 ξ
1098 4305 1118 4362 6
1138 4304 1171 4361 et
1192 4301 1285 4375 485l;
1307 4303 1340 4361 et
1359 4301 1472 4362 deinde

201 4418 271 4477 tam
294 4416 399 4476 firmis
422 4417 635 4493 argumentis
662 4418 699 4477 ut
722 4417 825 4478 refelli
848 4419 1021 4492 nequeant,
1046 4417 1221 4476 ostendunt
1244 4415 1367 4475 multos
1386 4430 1472 4476 nunc

216 4655 256 4724 .¹)
275 4660 341 4722 Apte
360 4661 470 4708 conferri
488 4663 574 4721 potest
591 4672 613 4721 φ
631 4663 662 4708 80
680 4663 819 4720 narsitano
836 4662 852 4708 i.
871 4676 891 4708 r.
908 4663 937 4709 P.
955 4660 1015 4709 ruit
1033 4661 1088 4708 sine
1106 4661 1184 4708 dubio
1202 4664 1328 4726 εὐρόκλιια.
