3366 5390
214 890 393 950 Scholiasta
421 890 476 963 qui
508 890 667 949 scholium
695 891 735 950 ad
760 889 854 950 Hom.
882 889 1062 963 odysseam
1086 889 1104 948 d
1128 891 1209 950 846:
1234 889 1265 948 οἱ
1284 887 1335 960 τὰς
1358 897 1433 960 ναῦς

165 1001 381 1081 ὑποδεχόμενοι
410 1001 495 1062 τόποι
526 1003 664 1079 scripsit,
693 1004 725 1062 in
756 1019 814 1063 suo
845 1003 924 1062 libro
955 1003 1034 1076 legit
1064 1002 1213 1080 νούδοχοι.
1244 1003 1285 1062 Et
1315 1003 1369 1076 qui
1393 1004 1432 1063 ad

165 1137 181 1174 ε
213 1118 276 1177 272
307 1117 452 1191 scripsit:
484 1115 547 1176 τότε
577 1114 632 1195 γὰρ
664 1115 786 1193 μάλιστα
809 1123 862 1175 τοῦ
886 1114 973 1196 ἔργον
1001 1113 1181 1177 ἀπολύονται
1205 1115 1236 1175 οἱ
1255 1114 1332 1194 βόες,
1355 1116 1432 1190 legit

166 1225 225 1305 ὀψὲ
247 1230 356 1290 λύοντα
378 1229 503 1308 βοώτην.

755 1441 844 1502 XIII.

211 1630 343 1689 Tacitus
373 1629 487 1688 Annal.
521 1629 574 1705 IV,
606 1630 657 1690 44.
690 1630 828 1689 Habitus
859 1633 969 1690 tamen
1000 1630 1214 1704 supremis
1237 1629 1337 1688 honor
1362 1631 1432 1702 etc,

166 1743 228 1815 leg.
253 1757 486 1817 supremus

756 1955 841 2015 XIV.

212 2143 284 2202 Tac.
316 2143 399 2202 Ann.
434 2141 484 2216 Vi,
517 2143 568 2202 34.
716 2145 835 2215 quanto
865 2144 988 2203 maiora
1020 2146 1176 2218 peterent,
1208 2144 1280 2218 pius
1310 2143 1434 2203 decoris

167 2257 315 2331 victores,
347 2257 418 2315 aut
450 2255 477 2314 si
509 2256 601 2328 terga
631 2255 753 2331 darent,
783 2256 896 2329 flagitii
927 2259 1024 2330 atque
1055 2257 1187 2331 periculi
1214 2257 1347 2331 laturos,
1371 2256 1432 2328 leg.

166 2371 225 2446 at,
251 2370 279 2428 si
302 2373 393 2442 terga
416 2369 530 2429 darent
552 2373 611 2429 etc.

763 2580 832 2640 XV.

211 2767 284 2827 Tac.
313 2767 395 2826 Ann.
428 2765 484 2841 XI,
517 2768 656 2826 25.....
690 2781 801 2826 secum
826 2767 961 2839 quisque
984 2768 1022 2827 de
1047 2783 1082 2827 se
1106 2767 1303 2828 consultaret
1326 2767 1431 2840 pete-

166 2882 313 2953 retque
336 2880 388 2940 ius
412 2881 549 2940 exuendi
573 2881 702 2956 ordinis,
727 2880 787 2954 leg.
812 2882 1046 2954 peteretne.

758 3141 842 3200 XVI.

210 3332 283 3392 Tan.
314 3331 434 3392 Histoi.
463 3333 504 3409 11,
530 3333 582 3392 20.
608 3331 830 3392 Caecina...
855 3332 989 3392 consilia
1012 3346 1169 3404 curasque
1191 3333 1225 3390 in
1248 3331 1431 3405 oppugnati-

165 3461 260 3505 onem
285 3445 467 3506 Placentiae
491 3460 608 3519 magno
632 3448 797 3507 terrore
823 3447 929 3521 vertit,
952 3445 1013 3518 leg.
1038 3445 1217 3505 fervore.

748 3706 850 3766 XVII.

209 3891 302 3965 Verg.
319 3893 399 3952 Aen.
420 3894 541 3954 11237.
562 3893 732 3954 scandit
751 3893 861 3953 fatalis
881 3893 1031 3952 machina
1044 3907 1165 3968 muros
1178 3892 1239 3966 leg.
1260 3894 1430 3954 scindit.

742 4155 860 4215 XVIII.

210 4314 331 4374 Seneca
354 4316 579 4388 Agamemnon
604 4319 678 4379 870.

366 4473 461 4490 .....
475 4430 606 4491 traxisti
629 4433 776 4493 iacens

364 4558 481 4616 parens
505 4544 655 4618 Mycenas
658 4591 778 4621 ......

298 4655 359 4729 leg.
386 4656 549 4718 cadens,
