<?xml version="1.0" encoding="UTF-8"?>
<!DOCTYPE html PUBLIC "-//W3C//DTD XHTML 1.0 Transitional//EN"
    "http://www.w3.org/TR/xhtml1/DTD/xhtml1-transitional.dtd">
<html xmlns="http://www.w3.org/1999/xhtml" xml:lang="en" lang="en">
 <head>
  <title>
</title>
<meta http-equiv="Content-Type" content="text/html;charset=utf-8" />
  <meta name='ocr-system' content='tesseract 3.04.00' />
  <meta name='ocr-capabilities' content='ocr_page ocr_carea ocr_par ocr_line ocrx_word'/>
</head>
<body>
  <div class='ocr_page' id='page_1' title='image "./detribushomerio00molhgoog/detribushomerio00molhgoog_0045.png"; bbox 0 0 3372 5366; ppageno 0'>
   <div class='ocr_carea' id='block_1_1' title="bbox 863 381 906 441">
    <p class='ocr_par' dir='ltr' id='par_1_1' title="bbox 863 381 906 441">
     <span class='ocr_line' id='line_1_1' title="bbox 863 381 906 441; baseline -0.023 0"><span class='ocrx_word' id='word_1_1' title='bbox 863 381 906 441; x_wconf 84' lang='lat'>30</span> 
     </span>
    </p>
   </div>
   <div class='ocr_carea' id='block_1_2' title="bbox 182 569 1515 3150">
    <p class='ocr_par' dir='ltr' id='par_1_2' title="bbox 249 569 1514 646">
     <span class='ocr_line' id='line_1_2' title="bbox 249 569 1514 646; baseline 0.003 -16"><span class='ocrx_word' id='word_1_2' title='bbox 249 587 331 644; x_wconf 90' lang='lat' dir='ltr'>quae</span> <span class='ocrx_word' id='word_1_3' title='bbox 351 587 403 632; x_wconf 91' lang='lat' dir='ltr'>me</span> <span class='ocrx_word' id='word_1_4' title='bbox 427 571 626 646; x_wconf 88' lang='lat' dir='ltr'>impulerunt</span> <span class='ocrx_word' id='word_1_5' title='bbox 647 573 685 631; x_wconf 92' lang='lat' dir='ltr'>ut</span> <span class='ocrx_word' id='word_1_6' title='bbox 708 586 826 631; x_wconf 90' lang='lat' dir='ltr'>novam</span> <span class='ocrx_word' id='word_1_7' title='bbox 848 570 1054 632; x_wconf 88' lang='lat' dir='ltr'>collationem</span> <span class='ocrx_word' id='word_1_8' title='bbox 1074 569 1221 632; x_wconf 88' lang='lat' dir='ltr'>codicum</span> <span class='ocrx_word' id='word_1_9' title='bbox 1241 572 1266 632; x_wconf 82' lang='lat' dir='ltr'><strong>F</strong></span> <span class='ocrx_word' id='word_1_10' title='bbox 1285 575 1318 633; x_wconf 92' lang='grc' dir='ltr'>θῖ</span> <span class='ocrx_word' id='word_1_11' title='bbox 1338 573 1514 634; x_wconf 88' lang='lat' dir='ltr'>Pederem.</span> 
     </span>
    </p>

    <p class='ocr_par' dir='ltr' id='par_1_3' title="bbox 248 659 1515 1101">
     <span class='ocr_line' id='line_1_3' title="bbox 293 659 1514 763; baseline 0.002 -19"><span class='ocrx_word' id='word_1_12' title='bbox 293 684 416 744; x_wconf 80' lang='lat' dir='ltr'>Omitto</span> <span class='ocrx_word' id='word_1_13' title='bbox 447 701 570 745; x_wconf 88' lang='lat' dir='ltr'>errores</span> <span class='ocrx_word' id='word_1_14' title='bbox 601 685 738 745; x_wconf 88' lang='lat' dir='ltr'>leviores</span> <span class='ocrx_word' id='word_1_15' title='bbox 769 700 849 757; x_wconf 89' lang='lat' dir='ltr'>quos</span> <span class='ocrx_word' id='word_1_16' title='bbox 880 687 1111 762; x_wconf 83' lang='lat' dir='ltr'>unusquisque,</span> <span class='ocrx_word' id='word_1_17' title='bbox 1142 659 1196 759; x_wconf 86' lang='lat' dir='ltr'>qui</span> <span class='ocrx_word' id='word_1_18' title='bbox 1228 687 1353 748; x_wconf 85' lang='lat' dir='ltr'>codices</span> <span class='ocrx_word' id='word_1_19' title='bbox 1380 688 1514 763; x_wconf 80' lang='lat' dir='ltr'><strong>confert,</strong></span> 
     </span>
     <span class='ocr_line' id='line_1_4' title="bbox 248 798 1515 874; baseline 0.003 -17"><span class='ocrx_word' id='word_1_20' title='bbox 248 798 342 874; x_wconf 86' lang='lat' dir='ltr'>faoit;</span> <span class='ocrx_word' id='word_1_21' title='bbox 367 798 440 871; x_wconf 86' lang='lat' dir='ltr'>quis</span> <span class='ocrx_word' id='word_1_22' title='bbox 470 814 508 859; x_wconf 89' lang='lat' dir='ltr'>ea</span> <span class='ocrx_word' id='word_1_23' title='bbox 531 799 765 872; x_wconf 82' lang='lat' dir='ltr'>reprehendat?</span> <span class='ocrx_word' id='word_1_24' title='bbox 789 799 833 858; x_wconf 88' lang='lat' dir='ltr'>At</span> <span class='ocrx_word' id='word_1_25' title='bbox 855 799 934 858; x_wconf 89' lang='lat' dir='ltr'>talia</span> <span class='ocrx_word' id='word_1_26' title='bbox 957 799 1075 860; x_wconf 91' lang='lat' dir='ltr'>menda</span> <span class='ocrx_word' id='word_1_27' title='bbox 1098 800 1207 860; x_wconf 88' lang='lat' dir='ltr'>inveni</span> <span class='ocrx_word' id='word_1_28' title='bbox 1229 801 1266 859; x_wconf 94' lang='lat' dir='ltr'>ut</span> <span class='ocrx_word' id='word_1_29' title='bbox 1288 800 1386 861; x_wconf 87' lang='lat' dir='ltr'>libore</span> <span class='ocrx_word' id='word_1_30' title='bbox 1410 801 1515 861; x_wconf 86' lang='lat' dir='ltr'>dicere</span> 
     </span>
     <span class='ocr_line' id='line_1_5' title="bbox 249 912 1515 988; baseline 0.001 -16"><span class='ocrx_word' id='word_1_31' title='bbox 249 913 397 988; x_wconf 83' lang='lat' dir='ltr'>audeam,</span> <span class='ocrx_word' id='word_1_32' title='bbox 428 912 649 972; x_wconf 88' lang='lat' dir='ltr'>Ludwiohium</span> <span class='ocrx_word' id='word_1_33' title='bbox 682 927 745 972; x_wconf 90' lang='lat' dir='ltr'>non</span> <span class='ocrx_word' id='word_1_34' title='bbox 776 927 814 972; x_wconf 89' lang='lat' dir='ltr'>ea</span> <span class='ocrx_word' id='word_1_35' title='bbox 845 926 917 972; x_wconf 85' lang='lat' dir='ltr'>esse</span> <span class='ocrx_word' id='word_1_36' title='bbox 947 913 980 971; x_wconf 91' lang='lat' dir='ltr'>in</span> <span class='ocrx_word' id='word_1_37' title='bbox 1004 912 1148 986; x_wconf 86' lang='lat' dir='ltr'>legendis</span> <span class='ocrx_word' id='word_1_38' title='bbox 1170 913 1260 973; x_wconf 91' lang='lat' dir='ltr'>libris</span> <span class='ocrx_word' id='word_1_39' title='bbox 1284 915 1515 988; x_wconf 80' lang='lat' dir='ltr'>manuscriptis</span> 
     </span>
     <span class='ocr_line' id='line_1_6' title="bbox 248 1025 1239 1101; baseline 0.002 -15"><span class='ocrx_word' id='word_1_40' title='bbox 248 1027 363 1100; x_wconf 89' lang='lat' dir='ltr'>peritia</span> <span class='ocrx_word' id='word_1_41' title='bbox 386 1027 422 1086; x_wconf 91' lang='lat' dir='ltr'>ut</span> <span class='ocrx_word' id='word_1_42' title='bbox 444 1027 633 1100; x_wconf 80' lang='lat' dir='ltr'>scriptorem</span> <span class='ocrx_word' id='word_1_43' title='bbox 656 1025 696 1086; x_wconf 85' lang='lat' dir='ltr'>ad</span> <span class='ocrx_word' id='word_1_44' title='bbox 719 1025 816 1086; x_wconf 87' lang='lat' dir='ltr'>fidem</span> <span class='ocrx_word' id='word_1_45' title='bbox 842 1025 987 1086; x_wconf 85' lang='lat' dir='ltr'>codicum</span> <span class='ocrx_word' id='word_1_46' title='bbox 1010 1027 1104 1087; x_wconf 89' lang='lat' dir='ltr'>edere</span> <span class='ocrx_word' id='word_1_47' title='bbox 1127 1028 1239 1101; x_wconf 80' lang='lat' dir='ltr'>possit.</span> 
     </span>
    </p>

    <p class='ocr_par' dir='ltr' id='par_1_4' title="bbox 247 1138 1513 1315">
     <span class='ocr_line' id='line_1_7' title="bbox 293 1138 1513 1218; baseline 0.003 -20"><span class='ocrx_word' id='word_1_48' title='bbox 293 1140 341 1199; x_wconf 83' lang='lat' dir='ltr'>Ex</span> <span class='ocrx_word' id='word_1_49' title='bbox 360 1139 464 1198; x_wconf 90' lang='lat' dir='ltr'>multo</span> <span class='ocrx_word' id='word_1_50' title='bbox 484 1139 606 1199; x_wconf 90' lang='lat' dir='ltr'>maiore</span> <span class='ocrx_word' id='word_1_51' title='bbox 625 1139 716 1213; x_wconf 91' lang='lat' dir='ltr'>copia</span> <span class='ocrx_word' id='word_1_52' title='bbox 731 1138 885 1199; x_wconf 87' lang='lat' dir='ltr'>nonnulla</span> <span class='ocrx_word' id='word_1_53' title='bbox 904 1139 1021 1214; x_wconf 85' lang='lat' dir='ltr'>selegi;</span> <span class='ocrx_word' id='word_1_54' title='bbox 1042 1139 1071 1199; x_wconf 84' lang='lat' dir='ltr'>si</span> <span class='ocrx_word' id='word_1_55' title='bbox 1091 1140 1163 1213; x_wconf 88' lang='lat' dir='ltr'>quis</span> <span class='ocrx_word' id='word_1_56' title='bbox 1183 1141 1293 1201; x_wconf 89' lang='lat' dir='ltr'>omnia</span> <span class='ocrx_word' id='word_1_57' title='bbox 1312 1142 1394 1203; x_wconf 87' lang='lat' dir='ltr'>scire</span> <span class='ocrx_word' id='word_1_58' title='bbox 1415 1143 1513 1218; x_wconf 89' lang='lat' dir='ltr'>cupit,</span> 
     </span>
     <span class='ocr_line' id='line_1_8' title="bbox 247 1253 1317 1315; baseline 0.002 -3"><span class='ocrx_word' id='word_1_59' title='bbox 247 1253 424 1314; x_wconf 86' lang='lat' dir='ltr'>Lndwichii</span> <span class='ocrx_word' id='word_1_60' title='bbox 447 1253 620 1314; x_wconf 81' lang='lat' dir='ltr'>editionem</span> <span class='ocrx_word' id='word_1_61' title='bbox 645 1268 720 1313; x_wconf 86' lang='lat' dir='ltr'>oum</span> <span class='ocrx_word' id='word_1_62' title='bbox 743 1253 827 1313; x_wconf 88' lang='lat' dir='ltr'>meis</span> <span class='ocrx_word' id='word_1_63' title='bbox 849 1253 1040 1313; x_wconf 86' lang='lat' dir='ltr'>lectionibus</span> <span class='ocrx_word' id='word_1_64' title='bbox 1064 1254 1216 1315; x_wconf 85' lang='lat' dir='ltr'>conferat.</span> <span class='ocrx_word' id='word_1_65' title='bbox 1314 1263 1317 1266; x_wconf 83' lang='grc'><em>·</em></span> 
     </span>
    </p>

    <p class='ocr_par' dir='ltr' id='par_1_5' title="bbox 242 1365 1515 2340">
     <span class='ocr_line' id='line_1_9' title="bbox 291 1365 1515 1446; baseline 0.001 -19"><span class='ocrx_word' id='word_1_66' title='bbox 291 1389 308 1446; x_wconf 82' lang='grc' dir='ltr'><em>γ</em></span> <span class='ocrx_word' id='word_1_67' title='bbox 332 1368 374 1427; x_wconf 78' lang='lat'>55</span> <span class='ocrx_word' id='word_1_68' title='bbox 401 1365 542 1446; x_wconf 65' lang='grc' dir='ltr'>,γεμήοχε</span> <span class='ocrx_word' id='word_1_69' title='bbox 566 1382 594 1427; x_wconf 88' lang='lat' dir='ltr'>a.</span> <span class='ocrx_word' id='word_1_70' title='bbox 621 1383 647 1427; x_wconf 90' lang='lat' dir='ltr'>c.</span> <span class='ocrx_word' id='word_1_71' title='bbox 673 1367 730 1442; x_wconf 88' lang='lat' dir='ltr'>P”,</span> <span class='ocrx_word' id='word_1_72' title='bbox 754 1367 815 1440; x_wconf 83' lang='lat' dir='ltr'>leg.</span> <span class='ocrx_word' id='word_1_73' title='bbox 840 1383 868 1426; x_wconf 89' lang='lat' dir='ltr'>a.</span> <span class='ocrx_word' id='word_1_74' title='bbox 894 1382 920 1426; x_wconf 90' lang='lat' dir='ltr'>c.</span> <span class='ocrx_word' id='word_1_75' title='bbox 941 1367 974 1427; x_wconf 82' lang='lat' dir='ltr'>F.</span> <span class='ocrx_word' id='word_1_76' title='bbox 997 1368 1176 1442; x_wconf 87' lang='lat' dir='ltr'>(typotheta</span> <span class='ocrx_word' id='word_1_77' title='bbox 1195 1367 1273 1428; x_wconf 86' lang='lat' dir='ltr'>talia</span> <span class='ocrx_word' id='word_1_78' title='bbox 1293 1369 1422 1443; x_wconf 89' lang='lat' dir='ltr'>saepius</span> <span class='ocrx_word' id='word_1_79' title='bbox 1442 1383 1515 1430; x_wconf 45' lang='lat' dir='ltr'>oon-¹</span> 
     </span>
     <span class='ocr_line' id='line_1_10' title="bbox 246 1479 1513 1559; baseline 0.002 -19"><span class='ocrx_word' id='word_1_80' title='bbox 246 1481 338 1552; x_wconf 83' lang='lat' dir='ltr'>fudit)</span> <span class='ocrx_word' id='word_1_81' title='bbox 370 1483 421 1542; x_wconf 86' lang='grc' dir='ltr'>θεῖ</span> <span class='ocrx_word' id='word_1_82' title='bbox 451 1481 538 1541; x_wconf 91' lang='lat' dir='ltr'>enim</span> <span class='ocrx_word' id='word_1_83' title='bbox 569 1481 601 1540; x_wconf 92' lang='lat' dir='ltr'>in</span> <span class='ocrx_word' id='word_1_84' title='bbox 634 1481 658 1540; x_wconf 91' lang='lat' dir='ltr'><strong>P</strong></span> <span class='ocrx_word' id='word_1_85' title='bbox 688 1479 815 1559; x_wconf 80' lang='grc' dir='ltr'>γαιήοχε.</span> <span class='ocrx_word' id='word_1_86' title='bbox 851 1481 912 1541; x_wconf 82' lang='lat' dir='ltr'>Sed</span> <span class='ocrx_word' id='word_1_87' title='bbox 934 1481 967 1540; x_wconf 92' lang='lat' dir='ltr'>in</span> <span class='ocrx_word' id='word_1_88' title='bbox 991 1481 1015 1539; x_wconf 82' lang='lat' dir='ltr'><strong>F</strong></span> <span class='ocrx_word' id='word_1_89' title='bbox 1039 1503 1070 1539; x_wconf 86' lang='grc' dir='ltr'>αι</span> <span class='ocrx_word' id='word_1_90' title='bbox 1093 1497 1135 1542; x_wconf 83' lang='lat' dir='ltr'>ex</span> <span class='ocrx_word' id='word_1_91' title='bbox 1158 1503 1171 1540; x_wconf 87' lang='grc' dir='ltr'>ε</span> <span class='ocrx_word' id='word_1_92' title='bbox 1195 1484 1375 1542; x_wconf 88' lang='lat' dir='ltr'>correctum</span> <span class='ocrx_word' id='word_1_93' title='bbox 1399 1485 1449 1543; x_wconf 86' lang='lat' dir='ltr'>est</span> <span class='ocrx_word' id='word_1_94' title='bbox 1472 1483 1513 1542; x_wconf 91' lang='lat' dir='ltr'>ab</span> 
     </span>
     <span class='ocr_line' id='line_1_11' title="bbox 246 1594 1512 1670; baseline 0.002 -17"><span class='ocrx_word' id='word_1_95' title='bbox 246 1594 315 1668; x_wconf 91' lang='lat' dir='ltr'>ipso</span> <span class='ocrx_word' id='word_1_96' title='bbox 335 1595 369 1654; x_wconf 80' lang='lat' dir='ltr'>F.</span> <span class='ocrx_word' id='word_1_97' title='bbox 389 1595 449 1655; x_wconf 91' lang='lat' dir='ltr'>hoo</span> <span class='ocrx_word' id='word_1_98' title='bbox 469 1595 501 1654; x_wconf 92' lang='lat' dir='ltr'>in</span> <span class='ocrx_word' id='word_1_99' title='bbox 522 1611 662 1656; x_wconf 91' lang='lat' dir='ltr'>errorem</span> <span class='ocrx_word' id='word_1_100' title='bbox 682 1595 809 1654; x_wconf 84' lang='lat' dir='ltr'>induxit</span> <span class='ocrx_word' id='word_1_101' title='bbox 829 1594 1061 1655; x_wconf 85' lang='lat' dir='ltr'>Ludwichium.</span> <span class='ocrx_word' id='word_1_102' title='bbox 1087 1595 1120 1656; x_wconf 83' lang='lat' dir='ltr'>Si</span> <span class='ocrx_word' id='word_1_103' title='bbox 1144 1595 1217 1665; x_wconf 87' lang='lat' dir='ltr'>(vid.</span> <span class='ocrx_word' id='word_1_104' title='bbox 1238 1596 1302 1656; x_wconf 93' lang='lat' dir='ltr'>tab.</span> <span class='ocrx_word' id='word_1_105' title='bbox 1323 1597 1365 1666; x_wconf 81' lang='lat' dir='ltr'>Ii)</span> <span class='ocrx_word' id='word_1_106' title='bbox 1385 1597 1512 1670; x_wconf 84' lang='lat' dir='ltr'>partem</span> 
     </span>
     <span class='ocr_line' id='line_1_12' title="bbox 245 1702 1512 1785; baseline 0.001 -18"><span class='ocrx_word' id='word_1_107' title='bbox 245 1708 444 1782; x_wconf 87' lang='lat' dir='ltr'>superiorem</span> <span class='ocrx_word' id='word_1_108' title='bbox 466 1708 529 1768; x_wconf 90' lang='lat' dir='ltr'>litt.</span> <span class='ocrx_word' id='word_1_109' title='bbox 554 1729 567 1766; x_wconf 84' lang='grc' dir='ltr'>ε</span> <span class='ocrx_word' id='word_1_110' title='bbox 591 1709 624 1768; x_wconf 91' lang='lat' dir='ltr'>in</span> <span class='ocrx_word' id='word_1_111' title='bbox 647 1702 721 1785; x_wconf 77' lang='grc' dir='ltr'>ἔμεν’</span> <span class='ocrx_word' id='word_1_112' title='bbox 747 1731 762 1766; x_wconf 76' lang='grc' dir='ltr'><strong>τ</strong></span> <span class='ocrx_word' id='word_1_113' title='bbox 786 1709 827 1769; x_wconf 89' lang='grc'>64</span> <span class='ocrx_word' id='word_1_114' title='bbox 855 1709 946 1768; x_wconf 88' lang='lat' dir='ltr'>addis</span> <span class='ocrx_word' id='word_1_115' title='bbox 969 1709 1097 1769; x_wconf 88' lang='lat' dir='ltr'>litterae</span> <span class='ocrx_word' id='word_1_116' title='bbox 1120 1731 1139 1766; x_wconf 84' lang='grc' dir='ltr'><strong>α</strong></span> <span class='ocrx_word' id='word_1_117' title='bbox 1162 1709 1195 1768; x_wconf 94' lang='lat' dir='ltr'>in</span> <span class='ocrx_word' id='word_1_118' title='bbox 1219 1732 1250 1767; x_wconf 83' lang='grc' dir='ltr'>αι</span> <span class='ocrx_word' id='word_1_119' title='bbox 1270 1710 1303 1769; x_wconf 91' lang='lat' dir='ltr'>in</span> <span class='ocrx_word' id='word_1_120' title='bbox 1324 1725 1391 1770; x_wconf 89' lang='lat' dir='ltr'>voc.</span> <span class='ocrx_word' id='word_1_121' title='bbox 1413 1707 1512 1780; x_wconf 79' lang='grc' dir='ltr'><strong><em>δαιτὸς</em></strong></span> 
     </span>
     <span class='ocr_line' id='line_1_13' title="bbox 245 1821 1510 1900; baseline 0.003 -20"><span class='ocrx_word' id='word_1_122' title='bbox 245 1843 260 1880; x_wconf 83' lang='grc' dir='ltr'><strong><em>τ</em></strong></span> <span class='ocrx_word' id='word_1_123' title='bbox 292 1822 332 1881; x_wconf 90' lang='grc'>68</span> <span class='ocrx_word' id='word_1_124' title='bbox 361 1836 399 1882; x_wconf 88' lang='lat' dir='ltr'>ea</span> <span class='ocrx_word' id='word_1_125' title='bbox 429 1822 494 1883; x_wconf 79' lang='lat' dir='ltr'>iere</span> <span class='ocrx_word' id='word_1_126' title='bbox 527 1823 626 1882; x_wconf 86' lang='lat' dir='ltr'>habes</span> <span class='ocrx_word' id='word_1_127' title='bbox 657 1837 738 1895; x_wconf 88' lang='lat' dir='ltr'>quae</span> <span class='ocrx_word' id='word_1_128' title='bbox 769 1822 878 1882; x_wconf 85' lang='lat' dir='ltr'>Luow.</span> <span class='ocrx_word' id='word_1_129' title='bbox 910 1821 991 1882; x_wconf 84' lang='lat' dir='ltr'>falso</span> <span class='ocrx_word' id='word_1_130' title='bbox 1024 1843 1058 1899; x_wconf 86' lang='grc' dir='ltr'>εμ</span> <span class='ocrx_word' id='word_1_131' title='bbox 1086 1822 1174 1896; x_wconf 89' lang='lat' dir='ltr'>legit.</span> <span class='ocrx_word' id='word_1_132' title='bbox 1206 1822 1311 1900; x_wconf 78' lang='lat' dir='ltr'>Quum</span> <span class='ocrx_word' id='word_1_133' title='bbox 1343 1825 1454 1884; x_wconf 88' lang='lat' dir='ltr'>autem</span> <span class='ocrx_word' id='word_1_134' title='bbox 1478 1823 1510 1883; x_wconf 92' lang='lat' dir='ltr'>in</span> 
     </span>
     <span class='ocr_line' id='line_1_14' title="bbox 246 1933 1511 2014; baseline 0 -18"><span class='ocrx_word' id='word_1_135' title='bbox 246 1937 435 1998; x_wconf 87' lang='lat' dir='ltr'>conferendo</span> <span class='ocrx_word' id='word_1_136' title='bbox 458 1935 493 2012; x_wconf 76' lang='lat' dir='ltr'>P,</span> <span class='ocrx_word' id='word_1_137' title='bbox 517 1935 689 1996; x_wconf 89' lang='lat' dir='ltr'>lectionem</span> <span class='ocrx_word' id='word_1_138' title='bbox 712 1933 835 2014; x_wconf 76' lang='grc' dir='ltr'>γεμήοχε</span> <span class='ocrx_word' id='word_1_139' title='bbox 858 1935 890 1994; x_wconf 93' lang='lat' dir='ltr'>in</span> <span class='ocrx_word' id='word_1_140' title='bbox 914 1935 938 1994; x_wconf 90' lang='lat' dir='ltr'><strong>P</strong></span> <span class='ocrx_word' id='word_1_141' title='bbox 962 1937 1101 2012; x_wconf 85' lang='lat' dir='ltr'>exstare,</span> <span class='ocrx_word' id='word_1_142' title='bbox 1123 1935 1157 1995; x_wconf 92' lang='lat' dir='ltr'>in</span> <span class='ocrx_word' id='word_1_143' title='bbox 1176 1935 1353 1996; x_wconf 89' lang='lat' dir='ltr'>Ludwiobii</span> <span class='ocrx_word' id='word_1_144' title='bbox 1373 1936 1511 1996; x_wconf 88' lang='lat' dir='ltr'>editione</span> 
     </span>
     <span class='ocr_line' id='line_1_15' title="bbox 243 2045 1510 2126; baseline -0.002 -15"><span class='ocrx_word' id='word_1_145' title='bbox 243 2051 434 2126; x_wconf 80' lang='lat' dir='ltr'>invenirem,</span> <span class='ocrx_word' id='word_1_146' title='bbox 477 2049 590 2109; x_wconf 89' lang='lat' dir='ltr'>statim</span> <span class='ocrx_word' id='word_1_147' title='bbox 629 2049 751 2125; x_wconf 87' lang='lat' dir='ltr'>putavi,</span> <span class='ocrx_word' id='word_1_148' title='bbox 790 2048 847 2124; x_wconf 83' lang='lat' dir='ltr'>En,</span> <span class='ocrx_word' id='word_1_149' title='bbox 879 2048 903 2107; x_wconf 92' lang='lat' dir='ltr'><strong>P</strong></span> <span class='ocrx_word' id='word_1_150' title='bbox 942 2065 983 2109; x_wconf 84' lang='lat' dir='ltr'>ex</span> <span class='ocrx_word' id='word_1_151' title='bbox 1018 2045 1042 2107; x_wconf 80' lang='lat' dir='ltr'><strong>F</strong></span> <span class='ocrx_word' id='word_1_152' title='bbox 1076 2049 1256 2124; x_wconf 85' lang='lat' dir='ltr'>descriptus</span> <span class='ocrx_word' id='word_1_153' title='bbox 1294 2051 1361 2126; x_wconf 88' lang='lat' dir='ltr'>ost;</span> <span class='ocrx_word' id='word_1_154' title='bbox 1396 2050 1510 2110; x_wconf 92' lang='lat' dir='ltr'>dormi·</span> 
     </span>
     <span class='ocr_line' id='line_1_16' title="bbox 243 2162 1511 2236; baseline 0.001 -12"><span class='ocrx_word' id='word_1_155' title='bbox 243 2168 318 2224; x_wconf 89' lang='lat' dir='ltr'>tans</span> <span class='ocrx_word' id='word_1_156' title='bbox 347 2163 497 2224; x_wconf 86' lang='lat' dir='ltr'>librarius</span> <span class='ocrx_word' id='word_1_157' title='bbox 528 2163 614 2223; x_wconf 87' lang='lat' dir='ltr'>enim</span> <span class='ocrx_word' id='word_1_158' title='bbox 646 2162 721 2236; x_wconf 91' lang='lat' dir='ltr'>quid</span> <span class='ocrx_word' id='word_1_159' title='bbox 751 2163 785 2222; x_wconf 93' lang='lat' dir='ltr'>in</span> <span class='ocrx_word' id='word_1_160' title='bbox 815 2162 839 2221; x_wconf 80' lang='lat' dir='ltr'><strong>F</strong></span> <span class='ocrx_word' id='word_1_161' title='bbox 868 2164 955 2222; x_wconf 88' lang='lat' dir='ltr'>esset</span> <span class='ocrx_word' id='word_1_162' title='bbox 978 2179 1041 2223; x_wconf 90' lang='lat' dir='ltr'>non</span> <span class='ocrx_word' id='word_1_163' title='bbox 1064 2163 1235 2225; x_wconf 86' lang='lat' dir='ltr'>intellexit.</span> <span class='ocrx_word' id='word_1_164' title='bbox 1260 2163 1351 2225; x_wconf 89' lang='lat' dir='ltr'>Nunc</span> <span class='ocrx_word' id='word_1_165' title='bbox 1375 2164 1511 2226; x_wconf 88' lang='lat' dir='ltr'>meliora</span> 
     </span>
     <span class='ocr_line' id='line_1_17' title="bbox 242 2279 464 2340; baseline -0.005 -1"><span class='ocrx_word' id='word_1_166' title='bbox 242 2279 356 2340; x_wconf 87' lang='lat' dir='ltr'>doctus</span> <span class='ocrx_word' id='word_1_167' title='bbox 379 2294 464 2338; x_wconf 89' lang='lat' dir='ltr'>sum.</span> 
     </span>
    </p>

    <p class='ocr_par' dir='ltr' id='par_1_6' title="bbox 242 2387 1509 2806">
     <span class='ocr_line' id='line_1_18' title="bbox 287 2387 1508 2469; baseline 0.002 -19"><span class='ocrx_word' id='word_1_168' title='bbox 287 2415 305 2450; x_wconf 89' lang='grc' dir='ltr'>ν</span> <span class='ocrx_word' id='word_1_169' title='bbox 335 2393 399 2452; x_wconf 79' lang='grc'>422</span> <span class='ocrx_word' id='word_1_170' title='bbox 435 2387 609 2469; x_wconf 53' lang='grc' dir='ltr'>ηπόμπὲαον</span> <span class='ocrx_word' id='word_1_171' title='bbox 639 2391 696 2467; x_wconf 83' lang='grc' dir='ltr'>Ρ”,</span> <span class='ocrx_word' id='word_1_172' title='bbox 728 2392 779 2452; x_wconf 85' lang='lat' dir='ltr'>est</span> <span class='ocrx_word' id='word_1_173' title='bbox 808 2392 919 2451; x_wconf 84' lang='lat' dir='ltr'>autem</span> <span class='ocrx_word' id='word_1_174' title='bbox 946 2388 1101 2467; x_wconf 80' lang='grc' dir='ltr'><strong><em>πόμπευον</em></strong></span> <span class='ocrx_word' id='word_1_175' title='bbox 1124 2392 1157 2451; x_wconf 90' lang='lat' dir='ltr'>in</span> <span class='ocrx_word' id='word_1_176' title='bbox 1180 2391 1214 2452; x_wconf 90' lang='lat' dir='ltr'>P.</span> <span class='ocrx_word' id='word_1_177' title='bbox 1239 2393 1278 2452; x_wconf 87' lang='lat' dir='ltr'>cf.</span> <span class='ocrx_word' id='word_1_178' title='bbox 1303 2391 1367 2452; x_wconf 83' lang='lat' dir='ltr'>tab.</span> <span class='ocrx_word' id='word_1_179' title='bbox 1392 2392 1436 2451; x_wconf 89' lang='lat' dir='ltr'>IV</span> <span class='ocrx_word' id='word_1_180' title='bbox 1445 2409 1452 2467; x_wconf 91' lang='lat'>;</span> <span class='ocrx_word' id='word_1_181' title='bbox 1477 2413 1508 2452; x_wconf 87' lang='grc' dir='ltr'>εο</span> 
     </span>
     <span class='ocr_line' id='line_1_19' title="bbox 242 2499 1508 2584; baseline 0.001 -19"><span class='ocrx_word' id='word_1_182' title='bbox 242 2508 275 2566; x_wconf 91' lang='lat' dir='ltr'>in</span> <span class='ocrx_word' id='word_1_183' title='bbox 305 2505 382 2584; x_wconf 83' lang='grc' dir='ltr'><strong><em>ἴσχεο</em></strong></span> <span class='ocrx_word' id='word_1_184' title='bbox 414 2507 447 2565; x_wconf 89' lang='lat' dir='ltr'>et</span> <span class='ocrx_word' id='word_1_185' title='bbox 475 2505 545 2564; x_wconf 77' lang='lat' dir='ltr'>rin</span> <span class='ocrx_word' id='word_1_186' title='bbox 569 2499 600 2563; x_wconf 81' lang='grc' dir='ltr'>δὲ</span> <span class='ocrx_word' id='word_1_187' title='bbox 624 2521 654 2565; x_wconf 88' lang='lat' dir='ltr'>v.</span> <span class='ocrx_word' id='word_1_188' title='bbox 678 2527 701 2563; x_wconf 87' lang='grc' dir='ltr'><em>ω</em></span> <span class='ocrx_word' id='word_1_189' title='bbox 726 2505 789 2564; x_wconf 83' lang='grc'>543</span> <span class='ocrx_word' id='word_1_190' title='bbox 813 2519 876 2565; x_wconf 91' lang='lat' dir='ltr'>non</span> <span class='ocrx_word' id='word_1_191' title='bbox 900 2505 1042 2565; x_wconf 87' lang='lat' dir='ltr'>multum</span> <span class='ocrx_word' id='word_1_192' title='bbox 1066 2504 1150 2565; x_wconf 87' lang='lat' dir='ltr'>inter</span> <span class='ocrx_word' id='word_1_193' title='bbox 1172 2519 1207 2564; x_wconf 87' lang='lat' dir='ltr'>se</span> <span class='ocrx_word' id='word_1_194' title='bbox 1232 2505 1392 2566; x_wconf 87' lang='lat' dir='ltr'>differunt.</span> <span class='ocrx_word' id='word_1_195' title='bbox 1417 2505 1508 2566; x_wconf 84' lang='lat' dir='ltr'>Adde</span> 
     </span>
     <span class='ocr_line' id='line_1_20' title="bbox 242 2614 1509 2696; baseline -0.001 -16"><span class='ocrx_word' id='word_1_196' title='bbox 242 2620 316 2680; x_wconf 91' lang='lat' dir='ltr'>huic</span> <span class='ocrx_word' id='word_1_197' title='bbox 347 2640 360 2678; x_wconf 87' lang='grc' dir='ltr'>ε</span> <span class='ocrx_word' id='word_1_198' title='bbox 390 2619 453 2680; x_wconf 86' lang='grc' dir='ltr'><strong>11ῖῖ.</strong></span> <span class='ocrx_word' id='word_1_199' title='bbox 485 2640 514 2694; x_wconf 87' lang='grc' dir='ltr'>υ,</span> <span class='ocrx_word' id='word_1_200' title='bbox 544 2619 591 2678; x_wconf 86' lang='lat' dir='ltr'>ita</span> <span class='ocrx_word' id='word_1_201' title='bbox 625 2618 691 2678; x_wconf 87' lang='lat' dir='ltr'>fere</span> <span class='ocrx_word' id='word_1_202' title='bbox 721 2619 759 2677; x_wconf 91' lang='lat' dir='ltr'>ut</span> <span class='ocrx_word' id='word_1_203' title='bbox 789 2619 840 2678; x_wconf 88' lang='grc' dir='ltr'>θεῖ</span> <span class='ocrx_word' id='word_1_204' title='bbox 871 2614 907 2676; x_wconf 84' lang='lat' dir='ltr'>od</span> <span class='ocrx_word' id='word_1_205' title='bbox 936 2622 1025 2688; x_wconf 73' lang='grc' dir='ltr'>(ποτε)</span> <span class='ocrx_word' id='word_1_206' title='bbox 1049 2640 1068 2696; x_wconf 80' lang='grc' dir='ltr'><em>η</em></span> <span class='ocrx_word' id='word_1_207' title='bbox 1095 2619 1166 2679; x_wconf 82' lang='grc'><strong>117.</strong></span> <span class='ocrx_word' id='word_1_208' title='bbox 1191 2619 1255 2679; x_wconf 90' lang='lat' dir='ltr'>tab.</span> <span class='ocrx_word' id='word_1_209' title='bbox 1280 2619 1327 2678; x_wconf 85' lang='lat'>111</span> <span class='ocrx_word' id='word_1_210' title='bbox 1351 2620 1384 2679; x_wconf 88' lang='lat' dir='ltr'>et</span> <span class='ocrx_word' id='word_1_211' title='bbox 1408 2620 1509 2680; x_wconf 88' lang='lat' dir='ltr'>habes</span> 
     </span>
     <span class='ocr_line' id='line_1_21' title="bbox 243 2731 1315 2806; baseline -0.001 -13"><span class='ocrx_word' id='word_1_212' title='bbox 243 2733 377 2793; x_wconf 87' lang='lat' dir='ltr'>verbum</span> <span class='ocrx_word' id='word_1_213' title='bbox 400 2747 463 2806; x_wconf 90' lang='lat' dir='ltr'>quo</span> <span class='ocrx_word' id='word_1_214' title='bbox 485 2732 557 2805; x_wconf 87' lang='lat' dir='ltr'>quis</span> <span class='ocrx_word' id='word_1_215' title='bbox 580 2731 644 2791; x_wconf 88' lang='lat' dir='ltr'>nisi</span> <span class='ocrx_word' id='word_1_216' title='bbox 667 2731 727 2792; x_wconf 89' lang='lat' dir='ltr'>hoc</span> <span class='ocrx_word' id='word_1_217' title='bbox 750 2731 819 2804; x_wconf 85' lang='lat' dir='ltr'>agit</span> <span class='ocrx_word' id='word_1_218' title='bbox 840 2731 873 2790; x_wconf 93' lang='lat' dir='ltr'>in</span> <span class='ocrx_word' id='word_1_219' title='bbox 897 2746 1038 2792; x_wconf 87' lang='lat' dir='ltr'>errorem</span> <span class='ocrx_word' id='word_1_220' title='bbox 1062 2731 1176 2792; x_wconf 91' lang='lat' dir='ltr'>abduci</span> <span class='ocrx_word' id='word_1_221' title='bbox 1199 2733 1315 2806; x_wconf 84' lang='lat' dir='ltr'>potest.</span> 
     </span>
    </p>

    <p class='ocr_par' dir='ltr' id='par_1_7' title="bbox 182 2841 1507 3150">
     <span class='ocr_line' id='line_1_22' title="bbox 285 2841 1507 2922; baseline 0.002 -17"><span class='ocrx_word' id='word_1_222' title='bbox 285 2867 308 2905; x_wconf 75' lang='grc'><strong>11</strong></span> <span class='ocrx_word' id='word_1_223' title='bbox 339 2849 401 2908; x_wconf 81' lang='grc'>287</span> <span class='ocrx_word' id='word_1_224' title='bbox 434 2842 594 2922; x_wconf 61' lang='grc' dir='ltr'>1,ποθέντες</span> <span class='ocrx_word' id='word_1_225' title='bbox 625 2846 682 2922; x_wconf 91' lang='lat' dir='ltr'>P”,</span> <span class='ocrx_word' id='word_1_226' title='bbox 722 2847 773 2906; x_wconf 88' lang='grc' dir='ltr'>θεῖ</span> <span class='ocrx_word' id='word_1_227' title='bbox 801 2841 971 2916; x_wconf 74' lang='grc' dir='ltr'>ποθέοντες.</span> <span class='ocrx_word' id='word_1_228' title='bbox 1003 2846 1093 2906; x_wconf 90' lang='lat' dir='ltr'>Idem</span> <span class='ocrx_word' id='word_1_229' title='bbox 1117 2845 1235 2905; x_wconf 91' lang='lat' dir='ltr'>vitium</span> <span class='ocrx_word' id='word_1_230' title='bbox 1266 2861 1304 2906; x_wconf 90' lang='lat' dir='ltr'>ac</span> <span class='ocrx_word' id='word_1_231' title='bbox 1336 2847 1363 2906; x_wconf 88' lang='lat' dir='ltr'>si</span> <span class='ocrx_word' id='word_1_232' title='bbox 1395 2869 1417 2906; x_wconf 88' lang='grc' dir='ltr'><em>ω</em></span> <span class='ocrx_word' id='word_1_233' title='bbox 1444 2849 1507 2908; x_wconf 81' lang='grc'>543</span> 
     </span>
     <span class='ocr_line' id='line_1_23' title="bbox 182 2931 464 3038; baseline -0.011 -18"><span class='ocrx_word' id='word_1_234' title='bbox 182 2931 185 2937; x_wconf 36' lang='grc'><strong>”</strong></span> <span class='ocrx_word' id='word_1_235' title='bbox 241 2961 374 3034; x_wconf 87' lang='lat' dir='ltr'>legisset</span> <span class='ocrx_word' id='word_1_236' title='bbox 396 2959 464 3038; x_wconf 79' lang='grc' dir='ltr'>ἴσχε.</span> 
     </span>
     <span class='ocr_line' id='line_1_24' title="bbox 285 3065 1507 3150; baseline 0.002 -17"><span class='ocrx_word' id='word_1_237' title='bbox 285 3097 305 3150; x_wconf 87' lang='grc' dir='ltr'>μ</span> <span class='ocrx_word' id='word_1_238' title='bbox 336 3075 399 3134; x_wconf 86' lang='grc'>363</span> <span class='ocrx_word' id='word_1_239' title='bbox 435 3065 603 3148; x_wconf 72' lang='lat' dir='ltr'>,outvdovv’</span> <span class='ocrx_word' id='word_1_240' title='bbox 638 3073 693 3134; x_wconf 91' lang='lat' dir='ltr'><strong>P&#39;’.</strong></span> <span class='ocrx_word' id='word_1_241' title='bbox 722 3073 783 3133; x_wconf 94' lang='lat' dir='ltr'>Pro</span> <span class='ocrx_word' id='word_1_242' title='bbox 814 3072 960 3132; x_wconf 87' lang='lat' dir='ltr'>coronide</span> <span class='ocrx_word' id='word_1_243' title='bbox 985 3072 1097 3131; x_wconf 85' lang='lat' dir='ltr'>habuit</span> <span class='ocrx_word' id='word_1_244' title='bbox 1124 3071 1348 3146; x_wconf 86' lang='lat' dir='ltr'>compendium</span> <span class='ocrx_word' id='word_1_245' title='bbox 1371 3090 1447 3130; x_wconf 63' lang='grc' dir='ltr'>,ε</span> <span class='ocrx_word' id='word_1_246' title='bbox 1467 3094 1507 3145; x_wconf 84' lang='grc' dir='ltr'>ες.</span> 
     </span>
    </p>
   </div>
   <div class='ocr_carea' id='block_1_3' title="bbox 158 3184 1320 3260">
    <p class='ocr_par' dir='ltr' id='par_1_8' title="bbox 158 3184 1320 3260">
     <span class='ocr_line' id='line_1_25' title="bbox 158 3184 1320 3260; baseline 0.005 -18"><span class='ocrx_word' id='word_1_247' title='bbox 158 3239 159 3242; x_wconf 74' lang='grc'>,</span> <span class='ocrx_word' id='word_1_248' title='bbox 239 3189 350 3248; x_wconf 89' lang='lat' dir='ltr'>Inven.</span> <span class='ocrx_word' id='word_1_249' title='bbox 375 3188 435 3247; x_wconf 91' lang='lat' dir='ltr'>hoc</span> <span class='ocrx_word' id='word_1_250' title='bbox 458 3187 683 3260; x_wconf 89' lang='lat' dir='ltr'>compendium</span> <span class='ocrx_word' id='word_1_251' title='bbox 707 3203 734 3248; x_wconf 86' lang='lat' dir='ltr'>e.</span> <span class='ocrx_word' id='word_1_252' title='bbox 759 3202 789 3260; x_wconf 83' lang='lat' dir='ltr'>g.</span> <span class='ocrx_word' id='word_1_253' title='bbox 813 3187 878 3248; x_wconf 90' lang='lat' dir='ltr'>tab.</span> <span class='ocrx_word' id='word_1_254' title='bbox 900 3186 927 3244; x_wconf 93' lang='lat' dir='ltr'>V</span> <span class='ocrx_word' id='word_1_255' title='bbox 950 3187 1098 3246; x_wconf 88' lang='lat' dir='ltr'>Batrach.</span> <span class='ocrx_word' id='word_1_256' title='bbox 1121 3187 1182 3246; x_wconf 87' lang='grc'>301</span> <span class='ocrx_word' id='word_1_257' title='bbox 1204 3184 1320 3258; x_wconf 70' lang='grc' dir='ltr'>πάντες.</span> 
     </span>
    </p>
   </div>
   <div class='ocr_carea' id='block_1_4' title="bbox 235 3298 1506 4742">
    <p class='ocr_par' dir='ltr' id='par_1_9' title="bbox 284 3298 1505 3377">
     <span class='ocr_line' id='line_1_26' title="bbox 284 3298 1505 3377; baseline 0.001 -17"><span class='ocrx_word' id='word_1_258' title='bbox 284 3305 299 3360; x_wconf 79' lang='lat' dir='ltr'>t</span> <span class='ocrx_word' id='word_1_259' title='bbox 324 3302 388 3362; x_wconf 85' lang='grc'>344</span> <span class='ocrx_word' id='word_1_260' title='bbox 415 3299 485 3376; x_wconf 61' lang='lat' dir='ltr'>,ddi</span> <span class='ocrx_word' id='word_1_261' title='bbox 509 3303 556 3361; x_wconf 86' lang='lat' dir='ltr'>sic</span> <span class='ocrx_word' id='word_1_262' title='bbox 579 3301 635 3376; x_wconf 85' lang='lat' dir='ltr'>P”,</span> <span class='ocrx_word' id='word_1_263' title='bbox 660 3302 711 3360; x_wconf 92' lang='grc' dir='ltr'>θεῖ</span> <span class='ocrx_word' id='word_1_264' title='bbox 733 3301 765 3360; x_wconf 88' lang='lat' dir='ltr'>in</span> <span class='ocrx_word' id='word_1_265' title='bbox 790 3301 814 3360; x_wconf 94' lang='lat' dir='ltr'><strong>P</strong></span> <span class='ocrx_word' id='word_1_266' title='bbox 838 3298 925 3377; x_wconf 78' lang='grc' dir='ltr'><strong><em>δόξης</em></strong></span> <span class='ocrx_word' id='word_1_267' title='bbox 949 3301 1006 3361; x_wconf 90' lang='lat' dir='ltr'>sed</span> <span class='ocrx_word' id='word_1_268' title='bbox 1028 3322 1064 3377; x_wconf 82' lang='grc' dir='ltr'>ης</span> <span class='ocrx_word' id='word_1_269' title='bbox 1089 3300 1313 3374; x_wconf 86' lang='lat' dir='ltr'>compendiose</span> <span class='ocrx_word' id='word_1_270' title='bbox 1337 3301 1505 3376; x_wconf 86' lang='lat' dir='ltr'>scriptum.</span> 
     </span>
    </p>

    <p class='ocr_par' dir='ltr' id='par_1_10' title="bbox 239 3413 1504 3604">
     <span class='ocr_line' id='line_1_27' title="bbox 284 3413 1504 3490; baseline -0.002 -14"><span class='ocrx_word' id='word_1_271' title='bbox 284 3441 294 3475; x_wconf 84' lang='grc' dir='ltr'><strong><em>ι</em></strong></span> <span class='ocrx_word' id='word_1_272' title='bbox 326 3417 390 3476; x_wconf 80' lang='lat'>254</span> <span class='ocrx_word' id='word_1_273' title='bbox 417 3431 473 3490; x_wconf 92' lang='lat' dir='ltr'>pro</span> <span class='ocrx_word' id='word_1_274' title='bbox 495 3415 604 3474; x_wconf 82' lang='lat' dir='ltr'>littera</span> <span class='ocrx_word' id='word_1_275' title='bbox 631 3437 642 3472; x_wconf 83' lang='grc' dir='ltr'><em>ι</em></span> <span class='ocrx_word' id='word_1_276' title='bbox 665 3415 736 3475; x_wconf 89' lang='lat' dir='ltr'>hab.</span> <span class='ocrx_word' id='word_1_277' title='bbox 761 3417 890 3488; x_wconf 86' lang='lat' dir='ltr'>signum</span> <span class='ocrx_word' id='word_1_278' title='bbox 914 3423 926 3472; x_wconf 86' lang='grc' dir='ltr'>ἰ’</span> <span class='ocrx_word' id='word_1_279' title='bbox 947 3415 1031 3487; x_wconf 89' lang='lat' dir='ltr'>quod</span> <span class='ocrx_word' id='word_1_280' title='bbox 1054 3414 1185 3489; x_wconf 88' lang='lat' dir='ltr'>respicit</span> <span class='ocrx_word' id='word_1_281' title='bbox 1208 3413 1307 3474; x_wconf 88' lang='lat' dir='ltr'>aliam</span> <span class='ocrx_word' id='word_1_282' title='bbox 1331 3413 1504 3476; x_wconf 85' lang='lat' dir='ltr'>lectionem</span> 
     </span>
     <span class='ocr_line' id='line_1_28' title="bbox 239 3529 647 3604; baseline -0.002 -14"><span class='ocrx_word' id='word_1_283' title='bbox 239 3531 259 3592; x_wconf 91' lang='lat' dir='ltr'>i.</span> <span class='ocrx_word' id='word_1_284' title='bbox 284 3547 328 3591; x_wconf 91' lang='lat' dir='ltr'>m.</span> <span class='ocrx_word' id='word_1_285' title='bbox 352 3529 533 3604; x_wconf 90' lang='lat' dir='ltr'>appositam</span> <span class='ocrx_word' id='word_1_286' title='bbox 556 3529 590 3588; x_wconf 93' lang='lat' dir='ltr'>in</span> <span class='ocrx_word' id='word_1_287' title='bbox 613 3529 647 3589; x_wconf 92' lang='lat' dir='ltr'>P.</span> 
     </span>
    </p>

    <p class='ocr_par' dir='ltr' id='par_1_11' title="bbox 239 3642 1506 3835">
     <span class='ocr_line' id='line_1_29' title="bbox 284 3642 1506 3719; baseline -0.002 -17"><span class='ocrx_word' id='word_1_288' title='bbox 284 3643 368 3704; x_wconf 88' lang='lat' dir='ltr'>More</span> <span class='ocrx_word' id='word_1_289' title='bbox 399 3642 602 3702; x_wconf 89' lang='lat' dir='ltr'>librariorum</span> <span class='ocrx_word' id='word_1_290' title='bbox 634 3642 767 3702; x_wconf 86' lang='lat' dir='ltr'>confusa</span> <span class='ocrx_word' id='word_1_291' title='bbox 794 3643 871 3702; x_wconf 86' lang='lat' dir='ltr'>sunt</span> <span class='ocrx_word' id='word_1_292' title='bbox 901 3665 919 3700; x_wconf 81' lang='grc' dir='ltr'><strong><em>α</em></strong></span> <span class='ocrx_word' id='word_1_293' title='bbox 944 3644 977 3703; x_wconf 91' lang='lat' dir='ltr'>et</span> <span class='ocrx_word' id='word_1_294' title='bbox 1000 3663 1031 3700; x_wconf 84' lang='grc' dir='ltr'>αι</span> <span class='ocrx_word' id='word_1_295' title='bbox 1054 3643 1085 3719; x_wconf 83' lang='grc' dir='ltr'>(μ</span> <span class='ocrx_word' id='word_1_296' title='bbox 1110 3643 1174 3703; x_wconf 84' lang='grc'>350</span> <span class='ocrx_word' id='word_1_297' title='bbox 1196 3643 1268 3703; x_wconf 89' lang='lat' dir='ltr'>hab.</span> <span class='ocrx_word' id='word_1_298' title='bbox 1294 3642 1318 3701; x_wconf 94' lang='lat' dir='ltr'><strong>P</strong></span> <span class='ocrx_word' id='word_1_299' title='bbox 1342 3645 1461 3719; x_wconf 75' lang='grc' dir='ltr'>χανὼν),</span> <span class='ocrx_word' id='word_1_300' title='bbox 1486 3663 1506 3699; x_wconf 81' lang='grc' dir='ltr'>α</span> 
     </span>
     <span class='ocr_line' id='line_1_30' title="bbox 239 3751 1410 3835; baseline -0.001 -17"><span class='ocrx_word' id='word_1_301' title='bbox 239 3759 271 3818; x_wconf 87' lang='grc' dir='ltr'>θῖ</span> <span class='ocrx_word' id='word_1_302' title='bbox 294 3779 333 3816; x_wconf 78' lang='lat' dir='ltr'>oo</span> <span class='ocrx_word' id='word_1_303' title='bbox 358 3755 382 3828; x_wconf 83' lang='grc' dir='ltr'>(ξ</span> <span class='ocrx_word' id='word_1_304' title='bbox 406 3757 447 3815; x_wconf 88' lang='grc'>81</span> <span class='ocrx_word' id='word_1_305' title='bbox 473 3757 523 3816; x_wconf 88' lang='grc' dir='ltr'>θεῖ</span> <span class='ocrx_word' id='word_1_306' title='bbox 547 3751 619 3834; x_wconf 70' lang='grc' dir='ltr'><em>ἀτὰρ</em></span> <span class='ocrx_word' id='word_1_307' title='bbox 643 3756 676 3814; x_wconf 90' lang='lat' dir='ltr'>in</span> <span class='ocrx_word' id='word_1_308' title='bbox 700 3756 745 3831; x_wconf 86' lang='lat' dir='ltr'>P),</span> <span class='ocrx_word' id='word_1_309' title='bbox 770 3778 789 3813; x_wconf 85' lang='grc' dir='ltr'><strong>α</strong></span> <span class='ocrx_word' id='word_1_310' title='bbox 813 3757 846 3816; x_wconf 91' lang='grc' dir='ltr'>θῖ</span> <span class='ocrx_word' id='word_1_311' title='bbox 870 3777 892 3814; x_wconf 86' lang='grc' dir='ltr'>ω</span> <span class='ocrx_word' id='word_1_312' title='bbox 918 3759 945 3826; x_wconf 81' lang='lat' dir='ltr'>(o</span> <span class='ocrx_word' id='word_1_313' title='bbox 969 3757 1032 3816; x_wconf 84' lang='lat'>298</span> <span class='ocrx_word' id='word_1_314' title='bbox 1056 3758 1107 3816; x_wconf 87' lang='grc' dir='ltr'>θεῖ</span> <span class='ocrx_word' id='word_1_315' title='bbox 1129 3754 1210 3835; x_wconf 81' lang='grc' dir='ltr'><em>χάρις</em></span> <span class='ocrx_word' id='word_1_316' title='bbox 1234 3757 1267 3815; x_wconf 91' lang='lat' dir='ltr'>in</span> <span class='ocrx_word' id='word_1_317' title='bbox 1290 3756 1325 3826; x_wconf 82' lang='lat' dir='ltr'>P)</span> <span class='ocrx_word' id='word_1_318' title='bbox 1349 3757 1410 3817; x_wconf 90' lang='lat' dir='ltr'>etc.</span> 
     </span>
    </p>

    <p class='ocr_par' dir='ltr' id='par_1_12' title="bbox 235 3869 1503 4288">
     <span class='ocr_line' id='line_1_31' title="bbox 282 3869 1503 3944; baseline 0 -14"><span class='ocrx_word' id='word_1_319' title='bbox 282 3869 458 3943; x_wconf 84' lang='lat' dir='ltr'>Analogiae</span> <span class='ocrx_word' id='word_1_320' title='bbox 488 3885 552 3930; x_wconf 90' lang='lat' dir='ltr'>non</span> <span class='ocrx_word' id='word_1_321' title='bbox 584 3870 672 3930; x_wconf 85' lang='lat' dir='ltr'>iavet</span> <span class='ocrx_word' id='word_1_322' title='bbox 702 3870 855 3930; x_wconf 87' lang='lat' dir='ltr'>Ludwicb</span> <span class='ocrx_word' id='word_1_323' title='bbox 885 3871 916 3930; x_wconf 89' lang='lat' dir='ltr'>in</span> <span class='ocrx_word' id='word_1_324' title='bbox 949 3871 1148 3930; x_wconf 86' lang='lat' dir='ltr'>emendando</span> <span class='ocrx_word' id='word_1_325' title='bbox 1180 3870 1351 3944; x_wconf 80' lang='lat' dir='ltr'>scriptore3</span> <span class='ocrx_word' id='word_1_326' title='bbox 1377 3869 1503 3930; x_wconf 89' lang='lat' dir='ltr'>utinam</span> 
     </span>
     <span class='ocr_line' id='line_1_32' title="bbox 237 3983 1503 4058; baseline -0.002 -14"><span class='ocrx_word' id='word_1_327' title='bbox 237 3985 270 4044; x_wconf 92' lang='lat' dir='ltr'>in</span> <span class='ocrx_word' id='word_1_328' title='bbox 290 3985 424 4058; x_wconf 87' lang='lat' dir='ltr'>legendo</span> <span class='ocrx_word' id='word_1_329' title='bbox 444 3984 584 4044; x_wconf 81' lang='lat' dir='ltr'>iecisset.</span> <span class='ocrx_word' id='word_1_330' title='bbox 605 3984 689 4043; x_wconf 90' lang='lat' dir='ltr'>Nam</span> <span class='ocrx_word' id='word_1_331' title='bbox 709 3984 815 4043; x_wconf 88' lang='lat' dir='ltr'>multa</span> <span class='ocrx_word' id='word_1_332' title='bbox 836 3985 932 4044; x_wconf 89' lang='lat' dir='ltr'>verba</span> <span class='ocrx_word' id='word_1_333' title='bbox 955 3985 993 4044; x_wconf 89' lang='lat' dir='ltr'>de</span> <span class='ocrx_word' id='word_1_334' title='bbox 1013 3985 1129 4057; x_wconf 88' lang='lat' dir='ltr'>quibus</span> <span class='ocrx_word' id='word_1_335' title='bbox 1145 3983 1284 4044; x_wconf 88' lang='lat' dir='ltr'>dubitari</span> <span class='ocrx_word' id='word_1_336' title='bbox 1304 3985 1412 4057; x_wconf 90' lang='lat' dir='ltr'>potest</span> <span class='ocrx_word' id='word_1_337' title='bbox 1430 3986 1503 4043; x_wconf 90' lang='lat' dir='ltr'>tum</span> 
     </span>
     <span class='ocr_line' id='line_1_33' title="bbox 237 4097 1502 4174; baseline -0.001 -15"><span class='ocrx_word' id='word_1_338' title='bbox 237 4100 369 4160; x_wconf 87' lang='lat' dir='ltr'>demum</span> <span class='ocrx_word' id='word_1_339' title='bbox 389 4100 476 4158; x_wconf 87' lang='lat' dir='ltr'>recte</span> <span class='ocrx_word' id='word_1_340' title='bbox 496 4097 646 4170; x_wconf 87' lang='lat' dir='ltr'>leguntur</span> <span class='ocrx_word' id='word_1_341' title='bbox 667 4098 694 4156; x_wconf 91' lang='lat' dir='ltr'>si</span> <span class='ocrx_word' id='word_1_342' title='bbox 715 4098 788 4171; x_wconf 92' lang='lat' dir='ltr'>alia,</span> <span class='ocrx_word' id='word_1_343' title='bbox 813 4098 867 4158; x_wconf 94' lang='lat' dir='ltr'>ubi</span> <span class='ocrx_word' id='word_1_344' title='bbox 890 4097 979 4158; x_wconf 89' lang='lat' dir='ltr'>nulla</span> <span class='ocrx_word' id='word_1_345' title='bbox 1002 4098 1159 4158; x_wconf 88' lang='lat' dir='ltr'>dubitatio</span> <span class='ocrx_word' id='word_1_346' title='bbox 1183 4113 1255 4157; x_wconf 85' lang='lat' dir='ltr'>esse</span> <span class='ocrx_word' id='word_1_347' title='bbox 1279 4099 1396 4174; x_wconf 90' lang='lat' dir='ltr'>potest,</span> <span class='ocrx_word' id='word_1_348' title='bbox 1418 4113 1502 4158; x_wconf 89' lang='lat' dir='ltr'>oom-</span> 
     </span>
     <span class='ocr_line' id='line_1_34' title="bbox 235 4214 398 4288; baseline -0.012 -15"><span class='ocrx_word' id='word_1_349' title='bbox 235 4214 398 4288; x_wconf 88' lang='lat' dir='ltr'>parantur.</span> 
     </span>
    </p>

    <p class='ocr_par' dir='ltr' id='par_1_13' title="bbox 236 4324 1501 4742">
     <span class='ocr_line' id='line_1_35' title="bbox 281 4324 1500 4401; baseline -0.002 -14"><span class='ocrx_word' id='word_1_350' title='bbox 281 4327 314 4387; x_wconf 82' lang='lat' dir='ltr'>Si</span> <span class='ocrx_word' id='word_1_351' title='bbox 346 4326 397 4386; x_wconf 91' lang='lat' dir='ltr'>cui</span> <span class='ocrx_word' id='word_1_352' title='bbox 428 4325 635 4398; x_wconf 89' lang='lat' dir='ltr'>legendorum</span> <span class='ocrx_word' id='word_1_353' title='bbox 667 4327 813 4386; x_wconf 91' lang='lat' dir='ltr'>codicum</span> <span class='ocrx_word' id='word_1_354' title='bbox 843 4327 944 4401; x_wconf 89' lang='lat' dir='ltr'>perito</span> <span class='ocrx_word' id='word_1_355' title='bbox 976 4341 1016 4386; x_wconf 84' lang='lat' dir='ltr'>ex</span> <span class='ocrx_word' id='word_1_356' title='bbox 1048 4324 1138 4401; x_wconf 89' lang='lat' dir='ltr'>libro,</span> <span class='ocrx_word' id='word_1_357' title='bbox 1169 4341 1266 4398; x_wconf 88' lang='lat' dir='ltr'>quem</span> <span class='ocrx_word' id='word_1_358' title='bbox 1292 4328 1388 4386; x_wconf 89' lang='lat' dir='ltr'>antea</span> <span class='ocrx_word' id='word_1_359' title='bbox 1411 4341 1500 4385; x_wconf 90' lang='lat' dir='ltr'>num·</span> 
     </span>
     <span class='ocr_line' id='line_1_36' title="bbox 237 4440 1500 4518; baseline -0.001 -18"><span class='ocrx_word' id='word_1_360' title='bbox 237 4456 334 4513; x_wconf 86' lang='lat' dir='ltr'>quam</span> <span class='ocrx_word' id='word_1_361' title='bbox 359 4440 439 4499; x_wconf 88' lang='lat' dir='ltr'>vidit</span> <span class='ocrx_word' id='word_1_362' title='bbox 463 4455 564 4499; x_wconf 90' lang='lat' dir='ltr'>unum</span> <span class='ocrx_word' id='word_1_363' title='bbox 584 4441 718 4500; x_wconf 91' lang='lat' dir='ltr'>verbum</span> <span class='ocrx_word' id='word_1_364' title='bbox 746 4441 906 4516; x_wconf 88' lang='lat' dir='ltr'>proponis,</span> <span class='ocrx_word' id='word_1_365' title='bbox 933 4441 1051 4513; x_wconf 90' lang='lat' dir='ltr'>inquo</span> <span class='ocrx_word' id='word_1_366' title='bbox 1075 4443 1107 4500; x_wconf 88' lang='lat' dir='ltr'>et</span> <span class='ocrx_word' id='word_1_367' title='bbox 1130 4462 1148 4499; x_wconf 87' lang='lat' dir='ltr'><em>v</em></span> <span class='ocrx_word' id='word_1_368' title='bbox 1173 4443 1205 4500; x_wconf 90' lang='lat' dir='ltr'>et</span> <span class='ocrx_word' id='word_1_369' title='bbox 1229 4462 1248 4518; x_wconf 86' lang='grc' dir='ltr'><em>η</em></span> <span class='ocrx_word' id='word_1_370' title='bbox 1273 4443 1359 4502; x_wconf 88' lang='lat' dir='ltr'>stare</span> <span class='ocrx_word' id='word_1_371' title='bbox 1382 4442 1500 4516; x_wconf 86' lang='lat' dir='ltr'>potest,</span> 
     </span>
     <span class='ocr_line' id='line_1_37' title="bbox 237 4553 1501 4641; baseline -0.001 -27"><span class='ocrx_word' id='word_1_372' title='bbox 237 4570 314 4628; x_wconf 83' lang='lat' dir='ltr'>eg.</span> <span class='ocrx_word' id='word_1_373' title='bbox 336 4553 416 4613; x_wconf 81' lang='grc' dir='ltr'><em>δύσω</em></span> <span class='ocrx_word' id='word_1_374' title='bbox 436 4556 469 4615; x_wconf 91' lang='grc' dir='ltr'>θῖ</span> <span class='ocrx_word' id='word_1_375' title='bbox 489 4553 579 4630; x_wconf 79' lang='grc' dir='ltr'><em>δήσω,</em></span> <span class='ocrx_word' id='word_1_376' title='bbox 601 4569 697 4641; x_wconf 87' lang='lat' dir='ltr'>saepe</span> <span class='ocrx_word' id='word_1_377' title='bbox 720 4555 853 4630; x_wconf 83' lang='lat' dir='ltr'>nesciet,</span> <span class='ocrx_word' id='word_1_378' title='bbox 877 4556 988 4614; x_wconf 90' lang='lat' dir='ltr'>utrum</span> <span class='ocrx_word' id='word_1_379' title='bbox 1010 4554 1160 4614; x_wconf 87' lang='lat' dir='ltr'>librarius</span> <span class='ocrx_word' id='word_1_380' title='bbox 1180 4554 1333 4629; x_wconf 88' lang='lat' dir='ltr'>voluerit;</span> <span class='ocrx_word' id='word_1_381' title='bbox 1359 4553 1501 4614; x_wconf 87' lang='lat' dir='ltr'>conferet</span> 
     </span>
     <span class='ocr_line' id='line_1_38' title="bbox 236 4665 1500 4742; baseline -0.003 -14"><span class='ocrx_word' id='word_1_382' title='bbox 236 4669 334 4742; x_wconf 85' lang='lat' dir='ltr'>igitur</span> <span class='ocrx_word' id='word_1_383' title='bbox 365 4667 429 4728; x_wconf 90' lang='lat' dir='ltr'>alia</span> <span class='ocrx_word' id='word_1_384' title='bbox 452 4668 549 4728; x_wconf 89' lang='lat' dir='ltr'>verba</span> <span class='ocrx_word' id='word_1_385' title='bbox 572 4668 626 4728; x_wconf 93' lang='lat' dir='ltr'>ubi</span> <span class='ocrx_word' id='word_1_386' title='bbox 649 4668 729 4728; x_wconf 89' lang='lat' dir='ltr'>haec</span> <span class='ocrx_word' id='word_1_387' title='bbox 751 4669 813 4729; x_wconf 92' lang='lat' dir='ltr'>duo</span> <span class='ocrx_word' id='word_1_388' title='bbox 837 4684 899 4729; x_wconf 92' lang='lat' dir='ltr'>non</span> <span class='ocrx_word' id='word_1_389' title='bbox 922 4669 1048 4742; x_wconf 85' lang='lat' dir='ltr'>possint</span> <span class='ocrx_word' id='word_1_390' title='bbox 1071 4667 1229 4729; x_wconf 86' lang='lat' dir='ltr'>confundi.</span> <span class='ocrx_word' id='word_1_391' title='bbox 1255 4668 1288 4728; x_wconf 86' lang='lat' dir='ltr'>Si</span> <span class='ocrx_word' id='word_1_392' title='bbox 1312 4667 1394 4727; x_wconf 89' lang='lat' dir='ltr'>scire</span> <span class='ocrx_word' id='word_1_393' title='bbox 1419 4665 1500 4726; x_wconf 87' lang='lat' dir='ltr'>velis</span> 
     </span>
    </p>
   </div>
   <div class='ocr_carea' id='block_1_5' title="bbox 0 0 1690 5366">
    <p class='ocr_par' dir='ltr' id='par_1_14' title="bbox 0 0 1690 5366">
     <span class='ocr_line' id='line_1_39' title="bbox 0 0 1690 5366; baseline 0 2"><span class='ocrx_word' id='word_1_394' title='bbox 0 0 1690 5366; x_wconf 95' lang='lat' dir='ltr'> </span> 
     </span>
    </p>
   </div>
  </div>
 </body>
</html>
