3372 5366
876 396 895 452 6

245 583 425 656 Odysseam
445 597 510 642 una
530 595 639 655 manu,
661 580 780 641 litteris
800 580 992 641 minusculis
1012 581 1166 656 scriptam
1187 580 1339 640 continet.
1352 578 1518 639 Ultimum

245 696 298 756 iol.
332 697 395 755 206
427 700 516 766 (zu
549 695 712 766 527-48)
736 695 841 770 periit,
865 709 946 767 quos
971 708 1085 753 versus
1108 708 1227 753 manus
1250 667 1409 753 recentior
1432 706 1520 751 novo

244 811 366 870 inserto
407 809 483 869 folio
517 808 749 883 transscripsit.
786 807 909 868 Versus
944 823 961 865 σ
996 808 1171 868 333-392
1209 805 1321 866 omisit
1354 805 1518 880 librariuS,

245 938 326 996 quos
356 922 470 982 deinde
501 923 660 982 corrector
690 921 815 981 duobus
845 921 938 981 novis
970 920 1056 981 foliis
1083 921 1158 990 (228
1182 922 1215 980 et
1238 921 1269 989 9)
1297 918 1428 978 insertis
1451 933 1519 981 una

245 1053 320 1098 cum
363 1037 538 1096 394-413
576 1036 807 1111 transscripsit,
847 1036 981 1096 delectis
1016 1036 1191 1095 394-413
1227 1048 1308 1106 quos
1343 1033 1519 1108 scripserat

245 1151 404 1212 librarius.

290 1266 407 1326 Forma
438 1265 472 1324 in
502 1258 559 1342 4⁰,
594 1265 671 1325 folia
706 1265 781 1340 25,4
803 1275 829 1326 Χ
851 1264 893 1324 20
927 1263 1008 1339 ο.Μ.,
1041 1263 1186 1336 singulae
1217 1263 1352 1338 paginae
1383 1262 1515 1321 20-24

247 1394 362 1440 versus
386 1378 515 1439 habent.

291 1481 548 1567 Subscriptiones
579 1492 676 1552 hasce
708 1491 867 1552 continet:
900 1491 921 1552 f.
953 1492 990 1550 8v
1014 1499 1100 1550 rouro
1123 1488 1155 1550 rt
1179 1489 1295 1570 βιβλίον
1318 1496 1414 1568 κτῆμα
1438 1485 1517 1548 ἐστὶν

247 1605 399 1685 Μανονηλ
418 1615 471 1667 τοῦ
491 1607 736 1687 Σμονροπούλον.
753 1601 774 1677 ¹)
794 1607 815 1666 f.
835 1608 916 1667 irov
928 1603 1003 1682 αὖτε)
1026 1601 1045 1683 ο)
1070 1605 1171 1684 βίβλος
1192 1601 1344 1682 Μανονὴλ
1364 1600 1441 1663 ἐστὶν
1463 1611 1517 1662 τοῦ

246 1721 491 1803 Σγονροκούλον.
512 1717 675 1798 ὠνησάμην
695 1715 727 1779 δὲ
747 1717 841 1797 αὐτὴν
861 1717 942 1798 παρὰ
962 1727 1015 1780 τοῦ
1035 1728 1121 1796 φωκᾶ
1142 1727 1194 1778 τοῦ
1214 1723 1344 1798 θηκαρᾶ.
1359 1715 1480 1797 γέγονεν
1494 1711 1516 1788 2)

247 1831 279 1896 δὲ
301 1833 333 1896 τὸ
353 1834 544 1915 συνάλλαγμα
564 1831 595 1893 ἒν
614 1843 649 1917 τῇ
668 1830 721 1916 νέᾳ
740 1833 820 1917 πάλη
840 1840 891 1911 τῆς
911 1834 1072 1912 βασιλικῆς.
1093 1834 1114 1894 f.
1136 1835 1214 1894 2301
1236 1841 1322 1892 τοῦτο
1346 1830 1377 1892 τὸ
1397 1829 1515 1910 βιβλίον

246 1958 342 2028 κτῆμα
372 1946 449 2008 ἐστίν
480 1945 632 2026 Μανονὴλ
662 1955 715 2007 τοῦ
745 1946 990 2027 Σγονροποάλον.
1019 1943 1181 2024 ὠνησάμην
1208 1941 1240 2005 δὲ
1264 1943 1337 2006 αὐτὸ
1360 1942 1441 2023 παρὰ
1462 1952 1517 2004 τοῦ

247 2073 333 2141 pond
364 2071 417 2124 τοῦ
448 2067 570 2142 θηκαρᾶ
602 2061 643 2134 είς
672 2061 760 2140 ιίμην
792 2061 946 2122 δονκάτων
976 2059 1010 2120 κ’.
1026 2055 1048 2132 ³)
1072 2062 1094 2122 f.
1122 2063 1182 2122 142
1206 2061 1302 2134 longa
1325 2058 1517 2132 subscriptio

247 2179 382 2239 alteriue
417 2192 544 2253 manue,
580 2194 618 2252 ,a
649 2177 805 2237 Graeculo
835 2177 906 2236 rudi
937 2191 1069 2251 prorsus
1100 2177 1197 2248 atque
1232 2175 1359 2235 indocto
1391 2173 1516 2233 calamo

248 2292 430 2366 descripta’'
465 2292 549 2351 unde
579 2292 669 2365 patet
702 2291 806 2364 ,hunc
836 2290 954 2350 librum
985 2290 1149 2363 repertum
1182 2303 1253 2348 esse
1288 2289 1321 2347 in
1353 2287 1517 2362 provincia

249 2407 379 2481 Pisidia,
400 2406 433 2465 in
452 2405 521 2466 loco
542 2405 597 2478 qui
616 2405 732 2478 Sparta
750 2404 875 2478 dicitur,
896 2403 1036 2463 secundo
1056 2403 1106 2462 die
1126 2402 1285 2462 currentis
1301 2401 1383 2475 cycli
1393 2400 1516 2460 lunaris

250 2520 391 2595 septimi,
423 2519 531 2578 indict.
563 2519 714 2593 secunda,
747 2517 837 2591 cyclo
867 2516 964 2576 solari
991 2517 1123 2590 quart0;
1147 2530 1379 2590 possessorem,
1403 2514 1457 2586 qui
1481 2529 1515 2573 se

248 2633 406 2693 humilem
438 2632 610 2705 Georgium
649 2629 760 2708 (εὐτελῆ
799 2624 960 2708 Γεώρμον)
1002 2629 1159 2703 nominat,
1202 2627 1305 2687 fllium
1340 2627 1516 2688 sacerdotis

247 2746 413 2822 Theodori,
434 2746 552 2805 librum
573 2745 693 2804 emisse
713 2759 732 2804 a
752 2743 938 2818 presbytero
958 2743 1088 2818 Ioanne,
1108 2741 1210 2816 pretio
1223 2741 1334 2801 decem
1347 2754 1515 2814 asprorum

246 2862 391 2934 tempore
418 2859 544 2919 Sullani
568 2858 745 2919 Giathatini
768 2857 939 2916 Kaikosroi
963 2871 1038 2916 cum
1062 2855 1238 2930 imperator
1261 2857 1293 2914 et
1320 2870 1379 2914 rex
1402 2854 1515 2914 Roma·

246 2989 362 3034 norum
375 2975 464 3033 esset
474 2973 611 3033 Ioannes
621 2972 803 3032 comnenus
815 2971 930 3047 Duces,
945 2969 1133 3043 cognomine
1142 2968 1297 3028 Batanis'
1309 2968 1514 3038 (1222-55).

246 3087 367 3147 Deinde
386 3086 532 3161 sequitur
551 3086 669 3145 litteris
688 3085 793 3144 rubris
809 3085 922 3144 eadem
942 3099 1042 3143 manu
1059 3083 1232 3156 scriptum:
1249 3076 1302 3139 Ἐν
1316 3078 1370 3139 ἔτει
1388 3077 1515 3158 Ιςηίνβ.

248 3199 303 3258 ivd.
325 3196 352 3278 β
355 3245 361 3257 .
381 3199 491 3258 κύκλον
510 3205 563 3257 τοῦ
583 3193 669 3274 ἡλίου
689 3193 825 3274 τέταρτον
844 3193 965 3255 καὶτοῦ
987 3195 1099 3274 δρόμον
1119 3202 1170 3272 τῆς
1189 3193 1313 3272 σελήνης
1333 3190 1517 3272 ἔβδομονι·

247 3329 331 3374 anno
355 3313 468 3372 mundi
491 3312 588 3387 6762,
614 3310 732 3371 Christi
755 3325 831 3370 vero
858 3311 952 3370 1244.

291 3428 329 3486 In
350 3427 494 3500 margine
514 3427 617 3486 altera
636 3441 755 3485 manus
775 3424 938 3485 exaravit:
959 3417 1036 3502 Ἐγὼ
1057 3418 1089 3482 δὲ
1111 3421 1221 3499 ταύτην
1241 3418 1295 3498 τὴν
1314 3419 1419 3499 βίβλον
1439 3416 1515 3496 ὠνη-

247 3539 346 3618 σάμην
360 3585 366 3598 .
379 3585 385 3598 .
398 3585 404 3597 .
418 3585 424 3598 .
437 3533 461 3610 ⁴)
492 3536 566 3598 κατὰ
595 3536 627 3598 τὸ
658 3535 751 3616 ,ςω’ς’
781 3535 844 3607 ἔτος
875 3533 922 3595 ἐπὶ
949 3545 1007 3595 τῶν
1030 3531 1148 3614 ἡμερῶν
1174 3541 1226 3611 τῆς
1249 3532 1398 3612 βασιλείας
1422 3531 1515 3612 κάρον

247 3651 437 3732 Ἀνδρονίκου
468 3661 521 3712 τοῦ
545 3649 753 3730 Παλαιολόγον
778 3650 1020 3721 (1283-1332)
1034 3694 1130 3709 .....
1154 3644 1275 3727 γέγονεν
1300 3642 1386 3706 δὲτὸ
1410 3646 1515 3706 σννάλ-

247 3771 344 3847 λαγμα
370 3764 403 3826 ἐν
430 3776 469 3850 τῷ
496 3761 553 3850 νέῳ
581 3763 665 3850 φόριμ
693 3771 744 3841 τῆς
769 3760 1263 3833 Κωνστανιινονιιόλειοςεοῐιηο
1287 3761 1399 3820 mundi
1420 3761 1514 3837 6806,

248 3881 367 3942 Christi
394 3883 488 3942 1298.

283 4135 303 4202 ¹)
328 4139 483 4184 innotatum
509 4138 536 4183 in
561 4137 677 4196 catalogo
702 4137 763 4193 „Est
786 4137 851 4183 sorte
875 4135 917 4182 hic
940 4135 1043 4182 Manuel
1066 4147 1097 4180 ex
1123 4133 1212 4180 eadem
1238 4133 1336 4180 familis
1362 4135 1442 4191 ortus,
1467 4146 1516 4192 quo

248 4219 376 4277 sylvester
398 4217 443 4264 ille
465 4217 632 4276 Sgnropulos,
655 4218 744 4262 auctor
765 4215 893 4262 Historiae
914 4215 1021 4261 (loncilii
1041 4213 1181 4260 Florentini
1199 4213 1267 4272 quod
1285 4213 1333 4260 snb
1351 4213 1466 4272 Eugenio
1483 4213 1516 4260 IV

248 4301 274 4344 et
291 4299 389 4344 Juanne
407 4294 560 4354 Pnlueologo
577 4310 624 4356 pro
642 4297 755 4343 Graecae
773 4297 850 4354 atque
869 4295 976 4341 Latinae
995 4293 1118 4340 ecclesiae
1136 4293 1230 4340 unione
1248 4294 1343 4340 frustra
1361 4293 1515 4340 celebratum

248 4377 311 4423 est.”
329 4373 373 4434 (κθ.
393 4377 475 4434 1430).

280 4450 301 4516 ²)
320 4455 399 4501 usti.
418 4454 476 4500 cod.
493 4454 596 4513 γέγωνεν,
615 4454 687 4500 Tulin
705 4455 847 4512 praetereo.

280 4530 302 4598 ³)
326 4535 413 4582 Ludw.
440 4535 503 4594 legit
528 4533 574 4582 κ’ί.
597 4535 667 4590 Quae
690 4534 763 4591 signa
786 4533 909 4591 quodnam
933 4531 1040 4577 ducatos
1067 4514 1221 4588 significem
1238 4544 1289 4576 non
1314 4531 1398 4587 facile,
1420 4531 1516 4590 opinor,

247 4611 340 4660 dixerit
357 4613 493 4672 quispiam.

278 4689 298 4752 4)
316 4692 389 4748 Quod
404 4693 516 4751 epatium
534 4692 637 4751 punctis
654 4691 765 4738 indicavi
783 4690 863 4736 erasis
882 4690 975 4736 litteris
993 4701 1060 4736 nuno
1078 4689 1184 4736 lacunae
1203 4689 1327 4735 obtinent.
