3372 5366
606 1488 978 1570 PRAEFATIO.

198 2046 246 2106 Ad
276 2046 409 2106 Homeri
440 2044 602 2117 Odysseae
635 2045 855 2104 recensionem
872 2039 892 2115 ¹)
923 2047 1086 2106 Arthurus
1117 2045 1269 2105 Ludwich
1296 2048 1423 2119 praeter

152 2160 244 2230 ahoe,
268 2160 372 2218 tribus
397 2159 568 2233 codicibuS,
593 2159 697 2230 iisque
721 2159 866 2218 omnium
891 2161 945 2232 qui
969 2177 1053 2220 nunc
1073 2161 1141 2219 noti
1162 2163 1248 2235 sunt,
1270 2160 1422 2232 antiquis-

153 2274 257 2348 simis,
290 2289 369 2332 usus
401 2275 461 2347 est,
491 2273 544 2345 qui
569 2274 665 2332 antea
689 2273 827 2346 neglecti
851 2274 917 2334 lere
941 2277 1124 2349 iacuerant;
1149 2275 1219 2333 dico
1243 2273 1420 2332 Mediceum

153 2387 404 2446 Laurentianum
441 2387 578 2461 XXXII,
611 2387 652 2445 24
683 2387 741 2462 (G),
778 2388 999 2448 Florentinum
1034 2387 1287 2448 Laurentianum
1324 2387 1420 2446 conv.

153 2500 262 2574 Soppr.
297 2501 349 2574 52,
382 2500 458 2559 olim
491 2501 638 2560 abbatiae
670 2500 873 2562 Florentinae
899 2504 983 2561 2768
1008 2502 1063 2576 (F),
1088 2501 1272 2560 Palatinum
1298 2499 1421 2560 Heidel-

152 2614 342 2686 bergensem
366 2615 408 2673 45
433 2613 488 2684 (P).

197 2727 342 2786 Primum
367 2728 457 2786 novit
480 2727 609 2798 quidem
634 2728 775 2788 Laroche
799 2733 850 2798 (ex
874 2729 977 2789 indice
1001 2728 1210 2803 Bandiniano,
1236 2727 1298 2787 vid.
1324 2728 1419 2788 Hom.

152 2840 333 2900 Textkritik
364 2855 393 2913 p.
419 2841 504 2914 485),
529 2842 726 2900 nontamen
753 2841 899 2900 adhibuit
922 2857 995 2901 cum
1021 2857 1104 2901 anno
1131 2841 1213 2900 1861
1240 2841 1419 2914 Odysseam

155 2953 213 3027 ,ad
243 2951 339 3012 fidem
369 2953 523 3012 librorum
548 2953 764 3027 optimorum”
790 2955 908 3014 ederet.
934 2954 1094 3014 Aemilius
1116 2954 1300 3013 Gotschlich
1323 2955 1420 3013 huius

152 3066 269 3126 codicis
292 3066 390 3125 libros
414 3089 443 3140 α,
465 3066 494 3144 β,
516 3089 543 3144 y,
566 3067 582 3138 ζ
602 3067 756 3143 integros,
777 3083 818 3127 ex
838 3067 912 3128 libb.
935 3067 962 3143 d,
982 3088 995 3125 ε
1016 3069 1048 3127 et
1068 3086 1155 3144 q-rr
1174 3067 1261 3128 locos
1282 3067 1420 3128 selectos

152 3180 296 3255 contulit,
329 3195 473 3253 quaeque
504 3181 672 3241 invenerat
703 3182 735 3240 in
771 3181 995 3254 ,Fleckeisens
1022 3181 1240 3241 Jahrbuoher”
1265 3176 1303 3240 ai.
1335 3182 1419 3242 1876

153 3298 190 3367 (p.
223 3295 341 3363 21-7)
373 3294 490 3368 publici
521 3295 601 3353 iuris
631 3295 717 3354 fecit.
741 3295 851 3367 Neque
876 3294 1028 3354 Ludwich
1052 3296 1158 3353 totum
1182 3295 1325 3354 codicem
1349 3310 1418 3354 con·

152 3406 231 3466 ferre
252 3407 366 3481 potuit,
387 3408 443 3466 sed
463 3407 671 3466 festinantius
691 3408 827 3468 lectione
848 3409 1073 3467 transcurrens
1086 3407 1263 3481 excerpsit;
1285 3408 1418 3480 dignum

152 3521 260 3579 tamen
285 3534 358 3579 esse
381 3521 435 3591 qui
460 3520 646 3594 diligentius
670 3521 841 3595 legeretur,
866 3521 993 3580 monuit
1016 3520 1049 3578 in
1072 3520 1269 3594 praefatione
1293 3536 1323 3594 p.
1344 3521 1417 3580 XII.

194 3633 342 3692 Alterum
379 3633 600 3692 Florentinum
635 3633 744 3692 nullus
780 3634 882 3693 editor
917 3634 992 3692 ante
1029 3632 1181 3692 Ludwich
1217 3648 1256 3692 ne
1288 3633 1417 3693 novisse

153 3746 279 3817 quidem
311 3747 455 3820 videtur;
488 3746 608 3821 opinor,
642 3747 716 3820 quia
746 3747 843 3807 index
874 3746 1029 3804 librorum
1060 3746 1115 3817 qui
1147 3760 1188 3804 ex
1212 3747 1418 3806 monasteriis

154 3860 332 3933 suppressis
351 3861 384 3919 in
405 3859 633 3919 bibliothecam
653 3860 904 3919 Laurentianam
925 3861 1148 3933 pervenerant,
1170 3862 1418 3920 manutentum

154 3972 300 4048 scriptus
324 3974 357 4032 in
381 3973 451 4047 ipsa
474 3973 666 4032 bibliotheca
690 3974 841 4032 exstabat
855 3966 887 4043 ²).

195 4086 239 4145 De
260 4087 366 4147 codice
387 4086 533 4146 Palatino
552 4087 585 4145 in
602 4086 798 4146 scholiorum
819 4087 859 4146 ad
880 4085 1059 4159 Odysseam
1079 4085 1218 4145 editione
1239 4088 1294 4156 (a0.
1323 4087 1417 4156 1821)

155 4199 186 4259 Ρ.
216 4199 394 4259 Buttmann
425 4199 579 4259 nonnulla
611 4200 874 4274 communicavit,
906 4199 1124 4271 lectionesque
1156 4201 1314 4272 quasdam
1345 4201 1417 4260 inde

186 4429 204 4497 ¹)
221 4432 326 4479 Homeri
345 4431 470 4488 Carmina,
488 4432 617 4479 recensuit
635 4435 661 4478 et
678 4431 774 4477 selecta
791 4430 908 4476 lectionis
927 4431 1049 4477 varietate
1067 4431 1188 4478 iustruxit
1203 4431 1330 4479 Arthurue
1348 4433 1416 4480 Lud-

155 4513 221 4566 wioh‚
239 4524 299 4570 pere
316 4511 396 4556 altera
413 4510 534 4568 Odyssea.
552 4511 655 4569 Lipsiae
673 4511 701 4556 Β.
721 4509 751 4556 G.
770 4509 889 4555 Teubner
908 4510 980 4562 1889,
999 4511 1039 4555 91.

185 4587 204 4655 2)
222 4590 337 4638 Oonleoit
353 4590 421 4635 huno
438 4589 550 4636 indicem
565 4601 588 4635 ν.
604 4586 635 4634 ol.
650 4588 690 4635 dol
705 4589 789 4635 Furio.
804 4589 909 4634 Brevior
924 4588 1000 4635 iudex
1015 4588 1111 4647 prodiit
1125 4602 1191 4634 anno
1207 4591 1270 4635 1893
1285 4590 1311 4635 in
1327 4591 1417 4646 „studi

155 4671 249 4716 Italiani
267 4670 292 4715 di
309 4669 433 4724 Filologia
452 4667 579 4714 Olussice'’
598 4668 610 4713 1
628 4681 652 4726 p.
673 4669 719 4713 129
738 4681 794 4726 sqq.

1324 4755 1335 4798 1
