<?xml version="1.0" encoding="UTF-8"?>
<!DOCTYPE html PUBLIC "-//W3C//DTD XHTML 1.0 Transitional//EN"
    "http://www.w3.org/TR/xhtml1/DTD/xhtml1-transitional.dtd">
<html xmlns="http://www.w3.org/1999/xhtml" xml:lang="en" lang="en">
 <head>
  <title>
</title>
<meta http-equiv="Content-Type" content="text/html;charset=utf-8" />
  <meta name='ocr-system' content='tesseract 3.04.00' />
  <meta name='ocr-capabilities' content='ocr_page ocr_carea ocr_par ocr_line ocrx_word'/>
</head>
<body>
  <div class='ocr_page' id='page_1' title='image "./detribushomerio00molhgoog/detribushomerio00molhgoog_0040.png"; bbox 0 0 3372 5366; ppageno 0'>
   <div class='ocr_carea' id='block_1_1' title="bbox 798 425 839 484">
    <p class='ocr_par' dir='ltr' id='par_1_1' title="bbox 798 425 839 484">
     <span class='ocr_line' id='line_1_1' title="bbox 798 425 839 484; baseline 0.024 -1"><span class='ocrx_word' id='word_1_1' title='bbox 798 425 839 484; x_wconf 81' lang='lat'>25</span> 
     </span>
    </p>
   </div>
   <div class='ocr_carea' id='block_1_2' title="bbox 182 601 1448 1138">
    <p class='ocr_par' dir='ltr' id='par_1_2' title="bbox 182 601 1448 1138">
     <span class='ocr_line' id='line_1_2' title="bbox 183 601 1447 682; baseline -0.007 -12"><span class='ocrx_word' id='word_1_2' title='bbox 183 625 297 670; x_wconf 88' lang='lat' dir='ltr'>versus</span> <span class='ocrx_word' id='word_1_3' title='bbox 316 625 380 670; x_wconf 91' lang='lat' dir='ltr'>non</span> <span class='ocrx_word' id='word_1_4' title='bbox 399 609 483 670; x_wconf 87' lang='lat' dir='ltr'>tales</span> <span class='ocrx_word' id='word_1_5' title='bbox 503 626 522 670; x_wconf 90' lang='lat' dir='ltr'>a</span> <span class='ocrx_word' id='word_1_6' title='bbox 542 609 703 670; x_wconf 77' lang='lat' dir='ltr'>codicibus</span> <span class='ocrx_word' id='word_1_7' title='bbox 722 609 859 670; x_wconf 88' lang='lat' dir='ltr'>traditos</span> <span class='ocrx_word' id='word_1_8' title='bbox 879 625 952 670; x_wconf 87' lang='lat' dir='ltr'>essa</span> <span class='ocrx_word' id='word_1_9' title='bbox 972 609 1086 682; x_wconf 88' lang='lat' dir='ltr'>quales</span> <span class='ocrx_word' id='word_1_10' title='bbox 1106 607 1232 682; x_wconf 82' lang='lat' dir='ltr'>aposta</span> <span class='ocrx_word' id='word_1_11' title='bbox 1248 601 1359 678; x_wconf 88' lang='lat' dir='ltr'>scripti</span> <span class='ocrx_word' id='word_1_12' title='bbox 1372 602 1447 662; x_wconf 86' lang='lat' dir='ltr'>sint.</span> 
     </span>
     <span class='ocr_line' id='line_1_3' title="bbox 226 714 1448 798; baseline -0.007 -15"><span class='ocrx_word' id='word_1_13' title='bbox 226 723 288 784; x_wconf 90' lang='lat' dir='ltr'>Hic</span> <span class='ocrx_word' id='word_1_14' title='bbox 318 723 431 786; x_wconf 89' lang='lat' dir='ltr'>eadem</span> <span class='ocrx_word' id='word_1_15' title='bbox 463 723 573 784; x_wconf 88' lang='lat' dir='ltr'>valent</span> <span class='ocrx_word' id='word_1_16' title='bbox 603 739 686 798; x_wconf 91' lang='lat' dir='ltr'>quae</span> <span class='ocrx_word' id='word_1_17' title='bbox 716 724 899 785; x_wconf 90' lang='lat' dir='ltr'>rectissime</span> <span class='ocrx_word' id='word_1_18' title='bbox 927 724 1028 784; x_wconf 87' lang='lat' dir='ltr'>Lahrs</span> <span class='ocrx_word' id='word_1_19' title='bbox 1043 715 1063 793; x_wconf 83' lang='lat'>¹)</span> <span class='ocrx_word' id='word_1_20' title='bbox 1095 722 1133 782; x_wconf 91' lang='lat' dir='ltr'>de</span> <span class='ocrx_word' id='word_1_21' title='bbox 1160 719 1306 780; x_wconf 89' lang='lat' dir='ltr'>versibus</span> <span class='ocrx_word' id='word_1_22' title='bbox 1330 714 1448 792; x_wconf 85' lang='lat' dir='ltr'>spuriis</span> 
     </span>
     <span class='ocr_line' id='line_1_4' title="bbox 183 832 1447 914; baseline -0.008 -16"><span class='ocrx_word' id='word_1_23' title='bbox 183 837 376 913; x_wconf 82' lang='lat' dir='ltr'><strong>observavit,</strong></span> <span class='ocrx_word' id='word_1_24' title='bbox 413 837 545 914; x_wconf 76' lang='lat' dir='ltr'>„eadem</span> <span class='ocrx_word' id='word_1_25' title='bbox 578 837 640 912; x_wconf 82' lang='lat' dir='ltr'>via,</span> <span class='ocrx_word' id='word_1_26' title='bbox 671 852 735 911; x_wconf 90' lang='lat' dir='ltr'>qua</span> <span class='ocrx_word' id='word_1_27' title='bbox 766 839 896 898; x_wconf 89' lang='lat' dir='ltr'>centum</span> <span class='ocrx_word' id='word_1_28' title='bbox 919 837 1003 897; x_wconf 88' lang='lat' dir='ltr'>falsa</span> <span class='ocrx_word' id='word_1_29' title='bbox 1027 836 1123 896; x_wconf 88' lang='lat' dir='ltr'>verba</span> <span class='ocrx_word' id='word_1_30' title='bbox 1146 832 1354 908; x_wconf 84' lang='lat' dir='ltr'>irrepserunt,</span> <span class='ocrx_word' id='word_1_31' title='bbox 1379 845 1447 889; x_wconf 87' lang='lat' dir='ltr'>sex-</span> 
     </span>
     <span class='ocr_line' id='line_1_5' title="bbox 182 950 664 1025; baseline 0 -15"><span class='ocrx_word' id='word_1_32' title='bbox 182 952 276 1018; x_wconf 87' lang='lat' dir='ltr'>centa</span> <span class='ocrx_word' id='word_1_33' title='bbox 298 950 437 1025; x_wconf 90' lang='lat' dir='ltr'>irrepere</span> <span class='ocrx_word' id='word_1_34' title='bbox 459 951 664 1025; x_wconf 74' lang='lat' dir='ltr'>potuerunu.</span> 
     </span>
     <span class='ocr_line' id='line_1_6' title="bbox 226 1056 1447 1138; baseline -0.007 -14"><span class='ocrx_word' id='word_1_35' title='bbox 226 1063 353 1124; x_wconf 89' lang='lat' dir='ltr'>Novum</span> <span class='ocrx_word' id='word_1_36' title='bbox 381 1063 454 1124; x_wconf 90' lang='lat' dir='ltr'>inde</span> <span class='ocrx_word' id='word_1_37' title='bbox 478 1063 657 1124; x_wconf 85' lang='lat' dir='ltr'>subsidium</span> <span class='ocrx_word' id='word_1_38' title='bbox 682 1064 745 1124; x_wconf 89' lang='lat' dir='ltr'>arti</span> <span class='ocrx_word' id='word_1_39' title='bbox 769 1064 899 1124; x_wconf 82' lang='lat' dir='ltr'>criticae</span> <span class='ocrx_word' id='word_1_40' title='bbox 922 1064 1072 1138; x_wconf 86' lang='lat' dir='ltr'>affertur;</span> <span class='ocrx_word' id='word_1_41' title='bbox 1098 1077 1161 1122; x_wconf 93' lang='lat' dir='ltr'>uno</span> <span class='ocrx_word' id='word_1_42' title='bbox 1185 1063 1259 1121; x_wconf 87' lang='lat' dir='ltr'>utar</span> <span class='ocrx_word' id='word_1_43' title='bbox 1283 1056 1447 1132; x_wconf 86' lang='lat' dir='ltr'>exemplo:</span> 
     </span>
    </p>
   </div>
   <div class='ocr_carea' id='block_1_3' title="bbox 182 1175 1450 1254">
    <p class='ocr_par' dir='ltr' id='par_1_3' title="bbox 182 1175 1450 1254">
     <span class='ocr_line' id='line_1_7' title="bbox 182 1175 1450 1254; baseline -0.002 -17"><span class='ocrx_word' id='word_1_44' title='bbox 182 1199 200 1237; x_wconf 86' lang='grc' dir='ltr'><em>τ</em></span> <span class='ocrx_word' id='word_1_45' title='bbox 234 1179 296 1238; x_wconf 90' lang='grc'>130</span> <span class='ocrx_word' id='word_1_46' title='bbox 327 1177 360 1236; x_wconf 92' lang='lat' dir='ltr'>in</span> <span class='ocrx_word' id='word_1_47' title='bbox 389 1177 477 1238; x_wconf 83' lang='lat' dir='ltr'>codd.</span> <span class='ocrx_word' id='word_1_48' title='bbox 509 1177 628 1251; x_wconf 87' lang='lat' dir='ltr'>legitur</span> <span class='ocrx_word' id='word_1_49' title='bbox 658 1175 719 1254; x_wconf 78' lang='grc' dir='ltr'>ἅμα</span> <span class='ocrx_word' id='word_1_50' title='bbox 740 1175 857 1254; x_wconf 78' lang='grc' dir='ltr'><em>πάντες,</em></span> <span class='ocrx_word' id='word_1_51' title='bbox 880 1175 940 1254; x_wconf 72' lang='grc' dir='ltr'>ἅμα</span> <span class='ocrx_word' id='word_1_52' title='bbox 964 1177 1074 1237; x_wconf 90' lang='lat' dir='ltr'>autem</span> <span class='ocrx_word' id='word_1_53' title='bbox 1099 1176 1285 1249; x_wconf 89' lang='lat' dir='ltr'>corruptum</span> <span class='ocrx_word' id='word_1_54' title='bbox 1313 1187 1385 1233; x_wconf 86' lang='lat' dir='ltr'>esse</span> <span class='ocrx_word' id='word_1_55' title='bbox 1409 1189 1450 1234; x_wconf 84' lang='lat' dir='ltr'>ex</span> 
     </span>
    </p>
   </div>
   <div class='ocr_carea' id='block_1_4' title="bbox 182 1287 1452 1826">
    <p class='ocr_par' dir='ltr' id='par_1_4' title="bbox 182 1287 1452 1826">
     <span class='ocr_line' id='line_1_8' title="bbox 183 1287 1449 1362; baseline -0.001 -13"><span class='ocrx_word' id='word_1_56' title='bbox 183 1289 239 1350; x_wconf 78' lang='lat' dir='ltr'>dia</span> <span class='ocrx_word' id='word_1_57' title='bbox 261 1293 309 1362; x_wconf 83' lang='lat' dir='ltr'>(ut</span> <span class='ocrx_word' id='word_1_58' title='bbox 331 1291 394 1350; x_wconf 86' lang='lat' dir='ltr'>fuit</span> <span class='ocrx_word' id='word_1_59' title='bbox 416 1291 449 1352; x_wconf 89' lang='lat' dir='ltr'>ia</span> <span class='ocrx_word' id='word_1_60' title='bbox 473 1291 548 1352; x_wconf 89' lang='lat' dir='ltr'>edit.</span> <span class='ocrx_word' id='word_1_61' title='bbox 573 1292 699 1362; x_wconf 86' lang='lat' dir='ltr'>Rhiani)</span> <span class='ocrx_word' id='word_1_62' title='bbox 723 1291 808 1352; x_wconf 90' lang='lat' dir='ltr'>inter</span> <span class='ocrx_word' id='word_1_63' title='bbox 830 1306 944 1354; x_wconf 90' lang='lat' dir='ltr'>omnes</span> <span class='ocrx_word' id='word_1_64' title='bbox 967 1291 1104 1352; x_wconf 88' lang='lat' dir='ltr'>constat.</span> <span class='ocrx_word' id='word_1_65' title='bbox 1129 1290 1189 1349; x_wconf 91' lang='lat' dir='ltr'>Pro</span> <span class='ocrx_word' id='word_1_66' title='bbox 1212 1287 1319 1359; x_wconf 83' lang='grc' dir='ltr'><em>πάντες</em></span> <span class='ocrx_word' id='word_1_67' title='bbox 1339 1289 1449 1348; x_wconf 89' lang='lat' dir='ltr'>autem</span> 
     </span>
     <span class='ocr_line' id='line_1_9' title="bbox 182 1402 1451 1489; baseline -0.005 -23"><span class='ocrx_word' id='word_1_68' title='bbox 182 1407 416 1481; x_wconf 86' lang='lat' dir='ltr'>proposuerunt</span> <span class='ocrx_word' id='word_1_69' title='bbox 438 1404 524 1489; x_wconf 77' lang='grc' dir='ltr'><em>πηδῷ</em></span> <span class='ocrx_word' id='word_1_70' title='bbox 552 1422 582 1466; x_wconf 85' lang='lat' dir='ltr'>v.</span> <span class='ocrx_word' id='word_1_71' title='bbox 608 1405 853 1466; x_wconf 89' lang='lat' dir='ltr'>Leeuwen-da</span> <span class='ocrx_word' id='word_1_72' title='bbox 877 1404 982 1480; x_wconf 83' lang='lat' dir='ltr'>Costa,</span> <span class='ocrx_word' id='word_1_73' title='bbox 1006 1419 1069 1465; x_wconf 91' lang='lat' dir='ltr'>non</span> <span class='ocrx_word' id='word_1_74' title='bbox 1092 1419 1211 1478; x_wconf 87' lang='lat' dir='ltr'>quaero</span> <span class='ocrx_word' id='word_1_75' title='bbox 1233 1404 1344 1462; x_wconf 88' lang='lat' dir='ltr'>utrum</span> <span class='ocrx_word' id='word_1_76' title='bbox 1364 1402 1451 1462; x_wconf 90' lang='lat' dir='ltr'>recte</span> 
     </span>
     <span class='ocr_line' id='line_1_10' title="bbox 182 1502 1451 1594; baseline -0.006 -14"><span class='ocrx_word' id='word_1_77' title='bbox 182 1535 300 1594; x_wconf 87' lang='lat' dir='ltr'>necne;</span> <span class='ocrx_word' id='word_1_78' title='bbox 332 1519 378 1579; x_wconf 92' lang='lat' dir='ltr'>nil</span> <span class='ocrx_word' id='word_1_79' title='bbox 409 1519 496 1580; x_wconf 89' lang='lat' dir='ltr'>enim</span> <span class='ocrx_word' id='word_1_80' title='bbox 528 1519 568 1580; x_wconf 90' lang='lat' dir='ltr'>ad</span> <span class='ocrx_word' id='word_1_81' title='bbox 599 1535 679 1580; x_wconf 88' lang='lat' dir='ltr'>rem.</span> <span class='ocrx_word' id='word_1_82' title='bbox 715 1519 777 1580; x_wconf 78' lang='lat' dir='ltr'>Sed</span> <span class='ocrx_word' id='word_1_83' title='bbox 811 1535 853 1580; x_wconf 85' lang='lat' dir='ltr'>ex</span> <span class='ocrx_word' id='word_1_84' title='bbox 891 1517 1051 1593; x_wconf 85' lang='lat' dir='ltr'>exemplis</span> <span class='ocrx_word' id='word_1_85' title='bbox 1088 1533 1185 1592; x_wconf 90' lang='lat' dir='ltr'>supra</span> <span class='ocrx_word' id='word_1_86' title='bbox 1220 1502 1336 1576; x_wconf 84' lang='lat' dir='ltr'>allatis</span> <span class='ocrx_word' id='word_1_87' title='bbox 1361 1516 1451 1589; x_wconf 89' lang='lat' dir='ltr'>patet</span> 
     </span>
     <span class='ocr_line' id='line_1_11' title="bbox 183 1627 1452 1716; baseline -0.005 -23"><span class='ocrx_word' id='word_1_88' title='bbox 183 1633 336 1694; x_wconf 84' lang='lat' dir='ltr'>facillime</span> <span class='ocrx_word' id='word_1_89' title='bbox 370 1635 443 1708; x_wconf 88' lang='lat' dir='ltr'>post</span> <span class='ocrx_word' id='word_1_90' title='bbox 479 1630 539 1709; x_wconf 71' lang='grc' dir='ltr'>ἅμα</span> <span class='ocrx_word' id='word_1_91' title='bbox 575 1648 643 1694; x_wconf 90' lang='lat' dir='ltr'>voc.</span> <span class='ocrx_word' id='word_1_92' title='bbox 678 1632 764 1716; x_wconf 73' lang='grc' dir='ltr'><em>πηδῷ</em></span> <span class='ocrx_word' id='word_1_93' title='bbox 799 1633 833 1692; x_wconf 90' lang='lat' dir='ltr'>in</span> <span class='ocrx_word' id='word_1_94' title='bbox 867 1630 974 1703; x_wconf 80' lang='grc' dir='ltr'><em>πάντες</em></span> <span class='ocrx_word' id='word_1_95' title='bbox 1013 1631 1133 1691; x_wconf 88' lang='lat' dir='ltr'>mutari</span> <span class='ocrx_word' id='word_1_96' title='bbox 1164 1629 1318 1706; x_wconf 84' lang='lat' dir='ltr'>potuisse.</span> <span class='ocrx_word' id='word_1_97' title='bbox 1350 1627 1452 1688; x_wconf 87' lang='lat' dir='ltr'>Multa</span> 
     </span>
     <span class='ocr_line' id='line_1_12' title="bbox 183 1745 929 1826; baseline -0.004 -18"><span class='ocrx_word' id='word_1_98' title='bbox 183 1748 270 1808; x_wconf 86' lang='lat' dir='ltr'>enim</span> <span class='ocrx_word' id='word_1_99' title='bbox 293 1747 327 1807; x_wconf 91' lang='lat' dir='ltr'>in</span> <span class='ocrx_word' id='word_1_100' title='bbox 351 1746 492 1808; x_wconf 83' lang='lat' dir='ltr'><strong>Homero</strong></span> <span class='ocrx_word' id='word_1_101' title='bbox 515 1748 566 1809; x_wconf 88' lang='lat' dir='ltr'>est</span> <span class='ocrx_word' id='word_1_102' title='bbox 588 1747 707 1808; x_wconf 91' lang='lat' dir='ltr'>locutio</span> <span class='ocrx_word' id='word_1_103' title='bbox 730 1745 791 1826; x_wconf 75' lang='grc' dir='ltr'>ἅμα</span> <span class='ocrx_word' id='word_1_104' title='bbox 814 1745 929 1818; x_wconf 82' lang='grc' dir='ltr'><em>πάντες,</em></span> 
     </span>
    </p>
   </div>
   <div class='ocr_carea' id='block_1_5' title="bbox 158 1971 1469 4216">
    <p class='ocr_par' dir='ltr' id='par_1_5' title="bbox 183 1971 1469 2844">
     <span class='ocr_line' id='line_1_13' title="bbox 228 1971 1469 2050; baseline -0.006 -14"><span class='ocrx_word' id='word_1_105' title='bbox 228 1977 362 2036; x_wconf 84' lang='lat' dir='ltr'>librarii</span> <span class='ocrx_word' id='word_1_106' title='bbox 396 1991 459 2036; x_wconf 93' lang='lat' dir='ltr'>non</span> <span class='ocrx_word' id='word_1_107' title='bbox 494 1991 623 2050; x_wconf 85' lang='lat' dir='ltr'>semper</span> <span class='ocrx_word' id='word_1_108' title='bbox 656 1976 887 2037; x_wconf 86' lang='lat' dir='ltr'>intellexerunt</span> <span class='ocrx_word' id='word_1_109' title='bbox 920 1975 996 2050; x_wconf 87' lang='lat' dir='ltr'>quid</span> <span class='ocrx_word' id='word_1_110' title='bbox 1029 1974 1162 2034; x_wconf 88' lang='lat' dir='ltr'>verbum</span> <span class='ocrx_word' id='word_1_111' title='bbox 1197 1971 1469 2046; x_wconf 50' lang='lat' dir='ltr'>superscriptum¹</span> 
     </span>
     <span class='ocr_line' id='line_1_14' title="bbox 183 2086 1451 2165; baseline -0.005 -15"><span class='ocrx_word' id='word_1_112' title='bbox 183 2090 293 2150; x_wconf 89' lang='lat' dir='ltr'>autin</span> <span class='ocrx_word' id='word_1_113' title='bbox 312 2089 458 2164; x_wconf 83' lang='lat' dir='ltr'>margine</span> <span class='ocrx_word' id='word_1_114' title='bbox 477 2091 661 2165; x_wconf 86' lang='lat' dir='ltr'>appositum</span> <span class='ocrx_word' id='word_1_115' title='bbox 681 2091 835 2165; x_wconf 89' lang='lat' dir='ltr'>voluerit;</span> <span class='ocrx_word' id='word_1_116' title='bbox 857 2092 908 2150; x_wconf 86' lang='lat' dir='ltr'>est</span> <span class='ocrx_word' id='word_1_117' title='bbox 927 2089 1015 2150; x_wconf 90' lang='lat' dir='ltr'>enim</span> <span class='ocrx_word' id='word_1_118' title='bbox 1035 2090 1093 2149; x_wconf 90' lang='lat' dir='ltr'>aut</span> <span class='ocrx_word' id='word_1_119' title='bbox 1111 2087 1230 2163; x_wconf 88' lang='lat' dir='ltr'>glossa,</span> <span class='ocrx_word' id='word_1_120' title='bbox 1244 2087 1301 2147; x_wconf 86' lang='lat' dir='ltr'>aut</span> <span class='ocrx_word' id='word_1_121' title='bbox 1317 2086 1451 2146; x_wconf 89' lang='lat' dir='ltr'>verbum</span> 
     </span>
     <span class='ocr_line' id='line_1_15' title="bbox 184 2200 1451 2278; baseline -0.005 -14"><span class='ocrx_word' id='word_1_122' title='bbox 184 2219 203 2264; x_wconf 91' lang='lat' dir='ltr'>a</span> <span class='ocrx_word' id='word_1_123' title='bbox 227 2219 326 2263; x_wconf 90' lang='lat' dir='ltr'>manu</span> <span class='ocrx_word' id='word_1_124' title='bbox 349 2205 453 2278; x_wconf 89' lang='lat' dir='ltr'>priore</span> <span class='ocrx_word' id='word_1_125' title='bbox 475 2204 637 2264; x_wconf 89' lang='lat' dir='ltr'>omissum</span> <span class='ocrx_word' id='word_1_126' title='bbox 664 2204 747 2277; x_wconf 89' lang='lat' dir='ltr'>quod</span> <span class='ocrx_word' id='word_1_127' title='bbox 770 2205 803 2264; x_wconf 93' lang='lat' dir='ltr'>in</span> <span class='ocrx_word' id='word_1_128' title='bbox 825 2205 955 2264; x_wconf 86' lang='lat' dir='ltr'>textum</span> <span class='ocrx_word' id='word_1_129' title='bbox 979 2202 1198 2278; x_wconf 89' lang='lat' dir='ltr'>recipiendum</span> <span class='ocrx_word' id='word_1_130' title='bbox 1222 2202 1283 2276; x_wconf 85' lang='lat' dir='ltr'>est,</span> <span class='ocrx_word' id='word_1_131' title='bbox 1308 2200 1366 2260; x_wconf 92' lang='lat' dir='ltr'>aut</span> <span class='ocrx_word' id='word_1_132' title='bbox 1389 2213 1451 2260; x_wconf 84' lang='lat' dir='ltr'>cor·</span> 
     </span>
     <span class='ocr_line' id='line_1_16' title="bbox 184 2297 1453 2394; baseline -0.003 -18"><span class='ocrx_word' id='word_1_133' title='bbox 184 2317 283 2378; x_wconf 87' lang='lat' dir='ltr'>rectio</span> <span class='ocrx_word' id='word_1_134' title='bbox 314 2297 397 2391; x_wconf 83' lang='lat' dir='ltr'>quae</span> <span class='ocrx_word' id='word_1_135' title='bbox 427 2318 608 2392; x_wconf 88' lang='lat' dir='ltr'>recipienda</span> <span class='ocrx_word' id='word_1_136' title='bbox 634 2319 694 2394; x_wconf 89' lang='lat' dir='ltr'>est,</span> <span class='ocrx_word' id='word_1_137' title='bbox 719 2318 823 2379; x_wconf 88' lang='lat' dir='ltr'>deleto</span> <span class='ocrx_word' id='word_1_138' title='bbox 847 2318 943 2394; x_wconf 77' lang='lat' dir='ltr'>verbo</span> <span class='ocrx_word' id='word_1_139' title='bbox 968 2317 1019 2378; x_wconf 92' lang='lat' dir='ltr'>oui</span> <span class='ocrx_word' id='word_1_140' title='bbox 1043 2315 1261 2391; x_wconf 87' lang='lat' dir='ltr'>superscripta</span> <span class='ocrx_word' id='word_1_141' title='bbox 1285 2315 1345 2374; x_wconf 87' lang='lat' dir='ltr'>est.</span> <span class='ocrx_word' id='word_1_142' title='bbox 1372 2311 1453 2373; x_wconf 76' lang='lat' dir='ltr'>dum</span> 
     </span>
     <span class='ocr_line' id='line_1_17' title="bbox 184 2427 1453 2507; baseline -0.003 -16"><span class='ocrx_word' id='word_1_143' title='bbox 184 2433 295 2492; x_wconf 88' lang='lat' dir='ltr'>autam</span> <span class='ocrx_word' id='word_1_144' title='bbox 326 2429 452 2504; x_wconf 88' lang='lat' dir='ltr'>glossas</span> <span class='ocrx_word' id='word_1_145' title='bbox 483 2445 538 2504; x_wconf 86' lang='lat' dir='ltr'>pro</span> <span class='ocrx_word' id='word_1_146' title='bbox 571 2431 831 2507; x_wconf 69' lang='lat' dir='ltr'>correctionibus</span> <span class='ocrx_word' id='word_1_147' title='bbox 863 2433 895 2492; x_wconf 91' lang='lat' dir='ltr'>et</span> <span class='ocrx_word' id='word_1_148' title='bbox 925 2431 1052 2505; x_wconf 88' lang='lat' dir='ltr'>glossas</span> <span class='ocrx_word' id='word_1_149' title='bbox 1082 2429 1135 2490; x_wconf 88' lang='lat' dir='ltr'>vel</span> <span class='ocrx_word' id='word_1_150' title='bbox 1158 2427 1373 2490; x_wconf 78' lang='lat' dir='ltr'>correctiones</span> <span class='ocrx_word' id='word_1_151' title='bbox 1397 2441 1453 2500; x_wconf 88' lang='lat' dir='ltr'>pro</span> 
     </span>
     <span class='ocr_line' id='line_1_18' title="bbox 185 2541 1453 2621; baseline -0.003 -17"><span class='ocrx_word' id='word_1_152' title='bbox 185 2545 291 2605; x_wconf 85' lang='lat' dir='ltr'>verbis</span> <span class='ocrx_word' id='word_1_153' title='bbox 322 2543 454 2604; x_wconf 91' lang='lat' dir='ltr'>omissis</span> <span class='ocrx_word' id='word_1_154' title='bbox 483 2543 664 2621; x_wconf 79' lang='lat' dir='ltr'>habuerint,</span> <span class='ocrx_word' id='word_1_155' title='bbox 694 2545 880 2606; x_wconf 83' lang='lat' dir='ltr'>invenimus</span> <span class='ocrx_word' id='word_1_156' title='bbox 903 2545 936 2604; x_wconf 91' lang='lat' dir='ltr'>in</span> <span class='ocrx_word' id='word_1_157' title='bbox 962 2545 1057 2604; x_wconf 84' lang='lat' dir='ltr'>textu</span> <span class='ocrx_word' id='word_1_158' title='bbox 1079 2543 1198 2603; x_wconf 86' lang='lat' dir='ltr'>tradito</span> <span class='ocrx_word' id='word_1_159' title='bbox 1221 2541 1348 2615; x_wconf 86' lang='lat' dir='ltr'>glossas</span> <span class='ocrx_word' id='word_1_160' title='bbox 1372 2556 1453 2614; x_wconf 83' lang='lat' dir='ltr'>quae</span> 
     </span>
     <span class='ocr_line' id='line_1_19' title="bbox 185 2655 1452 2734; baseline -0.004 -15"><span class='ocrx_word' id='word_1_161' title='bbox 185 2659 297 2734; x_wconf 88' lang='lat' dir='ltr'>poetae</span> <span class='ocrx_word' id='word_1_162' title='bbox 329 2657 427 2718; x_wconf 88' lang='lat' dir='ltr'>verba</span> <span class='ocrx_word' id='word_1_163' title='bbox 458 2657 668 2733; x_wconf 79' lang='lat' dir='ltr'>expulerunt3</span> <span class='ocrx_word' id='word_1_164' title='bbox 695 2657 822 2732; x_wconf 88' lang='lat' dir='ltr'>glossas</span> <span class='ocrx_word' id='word_1_165' title='bbox 844 2658 939 2718; x_wconf 81' lang='lat' dir='ltr'>iuxta</span> <span class='ocrx_word' id='word_1_166' title='bbox 962 2656 1098 2717; x_wconf 88' lang='lat' dir='ltr'>verbum</span> <span class='ocrx_word' id='word_1_167' title='bbox 1122 2656 1205 2730; x_wconf 85' lang='lat' dir='ltr'>quod</span> <span class='ocrx_word' id='word_1_168' title='bbox 1228 2655 1452 2729; x_wconf 86' lang='lat' dir='ltr'>illustrabant;</span> 
     </span>
     <span class='ocr_line' id='line_1_20' title="bbox 185 2770 1088 2844; baseline -0.001 -12"><span class='ocrx_word' id='word_1_169' title='bbox 185 2771 398 2833; x_wconf 87' lang='lat' dir='ltr'>correctiones</span> <span class='ocrx_word' id='word_1_170' title='bbox 421 2771 515 2832; x_wconf 86' lang='lat' dir='ltr'>iuxta</span> <span class='ocrx_word' id='word_1_171' title='bbox 538 2771 673 2832; x_wconf 91' lang='lat' dir='ltr'>verbum</span> <span class='ocrx_word' id='word_1_172' title='bbox 697 2771 779 2844; x_wconf 90' lang='lat' dir='ltr'>quod</span> <span class='ocrx_word' id='word_1_173' title='bbox 804 2771 919 2844; x_wconf 78' lang='lat' dir='ltr'>corrigi</span> <span class='ocrx_word' id='word_1_174' title='bbox 943 2770 1088 2831; x_wconf 88' lang='lat' dir='ltr'>debebat.</span> 
     </span>
    </p>

    <p class='ocr_par' dir='ltr' id='par_1_6' title="bbox 185 2882 1455 3073">
     <span class='ocr_line' id='line_1_21' title="bbox 228 2882 1455 2960; baseline -0.002 -15"><span class='ocrx_word' id='word_1_175' title='bbox 228 2885 268 2945; x_wconf 83' lang='lat' dir='ltr'>ut</span> <span class='ocrx_word' id='word_1_176' title='bbox 290 2885 388 2945; x_wconf 90' lang='lat' dir='ltr'>huius</span> <span class='ocrx_word' id='word_1_177' title='bbox 411 2885 528 2946; x_wconf 88' lang='lat' dir='ltr'>erroris</span> <span class='ocrx_word' id='word_1_178' title='bbox 551 2885 656 2946; x_wconf 91' lang='lat' dir='ltr'>multa</span> <span class='ocrx_word' id='word_1_179' title='bbox 680 2886 829 2960; x_wconf 86' lang='lat' dir='ltr'>exempla</span> <span class='ocrx_word' id='word_1_180' title='bbox 852 2886 967 2946; x_wconf 86' lang='lat' dir='ltr'>afferre</span> <span class='ocrx_word' id='word_1_181' title='bbox 987 2899 1139 2959; x_wconf 86' lang='lat' dir='ltr'>possum;</span> <span class='ocrx_word' id='word_1_182' title='bbox 1159 2897 1262 2958; x_wconf 88' lang='lat' dir='ltr'>pauca</span> <span class='ocrx_word' id='word_1_183' title='bbox 1281 2898 1364 2956; x_wconf 88' lang='lat' dir='ltr'>quae</span> <span class='ocrx_word' id='word_1_184' title='bbox 1382 2882 1455 2944; x_wconf 89' lang='lat' dir='ltr'>dedi</span> 
     </span>
     <span class='ocr_line' id='line_1_22' title="bbox 185 2997 1204 3073; baseline -0.001 -15"><span class='ocrx_word' id='word_1_185' title='bbox 185 2999 265 3060; x_wconf 88' lang='lat' dir='ltr'>satis</span> <span class='ocrx_word' id='word_1_186' title='bbox 288 3005 400 3060; x_wconf 87' lang='lat' dir='ltr'>tamen</span> <span class='ocrx_word' id='word_1_187' title='bbox 424 2999 649 3060; x_wconf 87' lang='lat' dir='ltr'>demonstrant</span> <span class='ocrx_word' id='word_1_188' title='bbox 672 2999 795 3061; x_wconf 90' lang='lat' dir='ltr'>scribas</span> <span class='ocrx_word' id='word_1_189' title='bbox 818 2999 906 3073; x_wconf 85' lang='lat' dir='ltr'>operi</span> <span class='ocrx_word' id='word_1_190' title='bbox 929 2999 1071 3073; x_wconf 86' lang='lat' dir='ltr'>impares</span> <span class='ocrx_word' id='word_1_191' title='bbox 1094 2997 1204 3058; x_wconf 83' lang='lat' dir='ltr'>fuisse.</span> 
     </span>
    </p>

    <p class='ocr_par' dir='ltr' id='par_1_7' title="bbox 229 3093 1216 3199">
     <span class='ocr_line' id='line_1_23' title="bbox 229 3093 1216 3199; baseline 0.001 -27"><span class='ocrx_word' id='word_1_192' title='bbox 229 3113 361 3199; x_wconf 81' lang='lat' dir='ltr'>Glossas</span> <span class='ocrx_word' id='word_1_193' title='bbox 385 3128 466 3186; x_wconf 88' lang='lat' dir='ltr'>quae</span> <span class='ocrx_word' id='word_1_194' title='bbox 489 3115 603 3188; x_wconf 85' lang='lat' dir='ltr'>poetae</span> <span class='ocrx_word' id='word_1_195' title='bbox 626 3093 724 3174; x_wconf 82' lang='lat' dir='ltr'>verba</span> <span class='ocrx_word' id='word_1_196' title='bbox 748 3113 940 3188; x_wconf 83' lang='lat' dir='ltr'>expulerunt</span> <span class='ocrx_word' id='word_1_197' title='bbox 962 3113 1109 3174; x_wconf 83' lang='lat' dir='ltr'>invenies</span> <span class='ocrx_word' id='word_1_198' title='bbox 1133 3129 1160 3174; x_wconf 89' lang='lat' dir='ltr'>e.</span> <span class='ocrx_word' id='word_1_199' title='bbox 1185 3129 1216 3188; x_wconf 92' lang='lat' dir='ltr'>g.</span> 
     </span>
    </p>

    <p class='ocr_par' dir='ltr' id='par_1_8' title="bbox 185 3225 1456 3531">
     <span class='ocr_line' id='line_1_24' title="bbox 229 3225 1454 3304; baseline -0.001 -19"><span class='ocrx_word' id='word_1_200' title='bbox 229 3251 248 3285; x_wconf 86' lang='grc' dir='ltr'><em>ο</em></span> <span class='ocrx_word' id='word_1_201' title='bbox 272 3230 335 3288; x_wconf 86' lang='grc'>336</span> <span class='ocrx_word' id='word_1_202' title='bbox 360 3231 446 3286; x_wconf 79' lang='grc' dir='ltr'><em>θεῖον</em></span> <span class='ocrx_word' id='word_1_203' title='bbox 466 3226 517 3286; x_wconf 71' lang='lat' dir='ltr'>Gli</span> <span class='ocrx_word' id='word_1_204' title='bbox 537 3227 589 3304; x_wconf 85' lang='lat' dir='ltr'>al,</span> <span class='ocrx_word' id='word_1_205' title='bbox 611 3227 677 3287; x_wconf 84' lang='grc' dir='ltr'><em>δῖον</em></span> <span class='ocrx_word' id='word_1_206' title='bbox 701 3227 725 3287; x_wconf 93' lang='grc' dir='ltr'><strong><em>Ρ</em></strong></span> <span class='ocrx_word' id='word_1_207' title='bbox 745 3228 785 3288; x_wconf 91' lang='lat' dir='ltr'>al.</span> <span class='ocrx_word' id='word_1_208' title='bbox 807 3227 989 3300; x_wconf 85' lang='lat' dir='ltr'>Utrumque</span> <span class='ocrx_word' id='word_1_209' title='bbox 1009 3225 1229 3302; x_wconf 86' lang='lat' dir='ltr'>Homericum,</span> <span class='ocrx_word' id='word_1_210' title='bbox 1247 3229 1331 3297; x_wconf 79' lang='grc' dir='ltr'><em>θεῖος</em></span> <span class='ocrx_word' id='word_1_211' title='bbox 1344 3226 1454 3285; x_wconf 89' lang='lat' dir='ltr'>autem</span> 
     </span>
     <span class='ocr_line' id='line_1_25' title="bbox 185 3339 1456 3418; baseline -0.002 -18"><span class='ocrx_word' id='word_1_212' title='bbox 185 3341 285 3402; x_wconf 89' lang='lat' dir='ltr'>etiam</span> <span class='ocrx_word' id='word_1_213' title='bbox 309 3342 423 3416; x_wconf 88' lang='lat' dir='ltr'>postea</span> <span class='ocrx_word' id='word_1_214' title='bbox 447 3341 480 3400; x_wconf 92' lang='lat' dir='ltr'>in</span> <span class='ocrx_word' id='word_1_215' title='bbox 499 3355 562 3401; x_wconf 90' lang='lat' dir='ltr'>usu</span> <span class='ocrx_word' id='word_1_216' title='bbox 582 3343 642 3418; x_wconf 87' lang='lat' dir='ltr'>est,</span> <span class='ocrx_word' id='word_1_217' title='bbox 663 3343 855 3417; x_wconf 89' lang='lat' dir='ltr'>quapropter</span> <span class='ocrx_word' id='word_1_218' title='bbox 873 3341 915 3401; x_wconf 88' lang='lat' dir='ltr'>iis</span> <span class='ocrx_word' id='word_1_219' title='bbox 933 3341 1013 3402; x_wconf 87' lang='lat' dir='ltr'>locis</span> <span class='ocrx_word' id='word_1_220' title='bbox 1032 3341 1087 3400; x_wconf 91' lang='lat' dir='ltr'>ubi</span> <span class='ocrx_word' id='word_1_221' title='bbox 1107 3343 1281 3414; x_wconf 91' lang='lat' dir='ltr'>utrumque</span> <span class='ocrx_word' id='word_1_222' title='bbox 1301 3339 1456 3415; x_wconf 89' lang='lat' dir='ltr'>praebent</span> 
     </span>
     <span class='ocr_line' id='line_1_26' title="bbox 185 3453 1282 3531; baseline 0 -18"><span class='ocrx_word' id='word_1_223' title='bbox 185 3455 285 3530; x_wconf 86' lang='lat' dir='ltr'>codd,</span> <span class='ocrx_word' id='word_1_224' title='bbox 310 3453 373 3525; x_wconf 84' lang='grc' dir='ltr'><em>δῖος</em></span> <span class='ocrx_word' id='word_1_225' title='bbox 398 3470 513 3516; x_wconf 90' lang='lat' dir='ltr'>verum</span> <span class='ocrx_word' id='word_1_226' title='bbox 537 3455 680 3530; x_wconf 88' lang='lat' dir='ltr'>videtur;</span> <span class='ocrx_word' id='word_1_227' title='bbox 706 3455 746 3515; x_wconf 86' lang='lat' dir='ltr'>cf.</span> <span class='ocrx_word' id='word_1_228' title='bbox 771 3455 869 3516; x_wconf 89' lang='lat' dir='ltr'>etiam</span> <span class='ocrx_word' id='word_1_229' title='bbox 896 3455 912 3526; x_wconf 84' lang='grc' dir='ltr'><em>ζ</em></span> <span class='ocrx_word' id='word_1_230' title='bbox 935 3456 1008 3531; x_wconf 83' lang='grc'><strong>117,</strong></span> <span class='ocrx_word' id='word_1_231' title='bbox 1033 3476 1051 3512; x_wconf 92' lang='grc' dir='ltr'>ν</span> <span class='ocrx_word' id='word_1_232' title='bbox 1075 3456 1127 3530; x_wconf 81' lang='grc'>56,</span> <span class='ocrx_word' id='word_1_233' title='bbox 1151 3473 1173 3512; x_wconf 93' lang='grc' dir='ltr'><em>π</em></span> <span class='ocrx_word' id='word_1_234' title='bbox 1197 3455 1216 3512; x_wconf 83' lang='grc'>2</span> <span class='ocrx_word' id='word_1_235' title='bbox 1241 3453 1282 3513; x_wconf 86' lang='lat' dir='ltr'>al.</span> 
     </span>
    </p>

    <p class='ocr_par' dir='ltr' id='par_1_9' title="bbox 229 3563 1454 3646">
     <span class='ocr_line' id='line_1_27' title="bbox 229 3563 1454 3646; baseline -0.002 -19"><span class='ocrx_word' id='word_1_236' title='bbox 229 3590 247 3645; x_wconf 81' lang='grc' dir='ltr'><em>η</em></span> <span class='ocrx_word' id='word_1_237' title='bbox 273 3569 314 3628; x_wconf 79' lang='grc'>27</span> <span class='ocrx_word' id='word_1_238' title='bbox 347 3567 462 3646; x_wconf 85' lang='grc' dir='ltr'><em>δαίμων</em></span> <span class='ocrx_word' id='word_1_239' title='bbox 494 3570 566 3645; x_wconf 81' lang='lat' dir='ltr'>cet,</span> <span class='ocrx_word' id='word_1_240' title='bbox 596 3566 668 3640; x_wconf 75' lang='grc' dir='ltr'><em>θεὸς</em></span> <span class='ocrx_word' id='word_1_241' title='bbox 696 3570 801 3629; x_wconf 90' lang='lat' dir='ltr'>metro</span> <span class='ocrx_word' id='word_1_242' title='bbox 824 3568 927 3628; x_wconf 90' lang='lat' dir='ltr'>invito</span> <span class='ocrx_word' id='word_1_243' title='bbox 951 3567 986 3628; x_wconf 70' lang='lat' dir='ltr'>(i.</span> <span class='ocrx_word' id='word_1_244' title='bbox 1012 3568 1051 3628; x_wconf 88' lang='lat' dir='ltr'>cf.</span> <span class='ocrx_word' id='word_1_245' title='bbox 1080 3567 1096 3639; x_wconf 79' lang='grc' dir='ltr'><em>ζ</em></span> <span class='ocrx_word' id='word_1_246' title='bbox 1118 3567 1181 3627; x_wconf 86' lang='grc'>309</span> <span class='ocrx_word' id='word_1_247' title='bbox 1206 3563 1358 3636; x_wconf 76' lang='grc' dir='ltr'><em>ἀθάνατος</em></span> <span class='ocrx_word' id='word_1_248' title='bbox 1382 3567 1454 3641; x_wconf 77' lang='lat' dir='ltr'>cet,</span> 
     </span>
    </p>

    <p class='ocr_par' dir='ltr' id='par_1_10' title="bbox 185 3677 316 3752">
     <span class='ocr_line' id='line_1_28' title="bbox 185 3677 316 3752; baseline 0.023 -13"><span class='ocrx_word' id='word_1_249' title='bbox 185 3677 257 3752; x_wconf 82' lang='grc' dir='ltr'><em>θεὸς</em></span> <span class='ocrx_word' id='word_1_250' title='bbox 280 3681 316 3742; x_wconf 77' lang='lat' dir='ltr'>d.</span> 
     </span>
    </p>

    <p class='ocr_par' dir='ltr' id='par_1_11' title="bbox 158 3777 1455 4102">
     <span class='ocr_line' id='line_1_29' title="bbox 158 3777 1455 3875; baseline -0.002 -21"><span class='ocrx_word' id='word_1_251' title='bbox 158 3777 162 3780; x_wconf 55' lang='grc'><strong>’</strong></span> <span class='ocrx_word' id='word_1_252' title='bbox 230 3815 243 3853; x_wconf 88' lang='grc' dir='ltr'><em>ε</em></span> <span class='ocrx_word' id='word_1_253' title='bbox 274 3795 337 3855; x_wconf 84' lang='grc'>382</span> <span class='ocrx_word' id='word_1_254' title='bbox 369 3794 464 3874; x_wconf 80' lang='grc' dir='ltr'><em>κούρη</em></span> <span class='ocrx_word' id='word_1_255' title='bbox 492 3796 519 3856; x_wconf 80' lang='lat' dir='ltr'><strong>G</strong></span> <span class='ocrx_word' id='word_1_256' title='bbox 551 3795 603 3872; x_wconf 86' lang='lat' dir='ltr'>al,</span> <span class='ocrx_word' id='word_1_257' title='bbox 630 3795 767 3875; x_wconf 76' lang='grc' dir='ltr'><em>θυγάτηρ</em></span> <span class='ocrx_word' id='word_1_258' title='bbox 790 3797 841 3857; x_wconf 86' lang='lat' dir='ltr'>FP</span> <span class='ocrx_word' id='word_1_259' title='bbox 864 3797 905 3858; x_wconf 89' lang='lat' dir='ltr'>al.</span> <span class='ocrx_word' id='word_1_260' title='bbox 930 3797 1112 3868; x_wconf 89' lang='lat' dir='ltr'>Utrumque</span> <span class='ocrx_word' id='word_1_261' title='bbox 1136 3809 1192 3868; x_wconf 88' lang='lat' dir='ltr'>per</span> <span class='ocrx_word' id='word_1_262' title='bbox 1214 3794 1357 3853; x_wconf 90' lang='lat' dir='ltr'>metrum</span> <span class='ocrx_word' id='word_1_263' title='bbox 1381 3793 1455 3853; x_wconf 89' lang='lat' dir='ltr'>reci-</span> 
     </span>
     <span class='ocr_line' id='line_1_30' title="bbox 186 3907 1455 3988; baseline -0.002 -20"><span class='ocrx_word' id='word_1_264' title='bbox 186 3923 259 3982; x_wconf 87' lang='lat' dir='ltr'>pere</span> <span class='ocrx_word' id='word_1_265' title='bbox 286 3908 371 3984; x_wconf 84' lang='lat' dir='ltr'>licet,</span> <span class='ocrx_word' id='word_1_266' title='bbox 400 3910 457 3970; x_wconf 88' lang='lat' dir='ltr'>sed</span> <span class='ocrx_word' id='word_1_267' title='bbox 485 3911 560 3983; x_wconf 89' lang='lat' dir='ltr'>quia</span> <span class='ocrx_word' id='word_1_268' title='bbox 586 3909 680 3988; x_wconf 81' lang='grc' dir='ltr'><em>κούρη</em></span> <span class='ocrx_word' id='word_1_269' title='bbox 708 3911 741 3971; x_wconf 88' lang='lat' dir='ltr'>et</span> <span class='ocrx_word' id='word_1_270' title='bbox 771 3910 876 3986; x_wconf 83' lang='lat' dir='ltr'>„filia”</span> <span class='ocrx_word' id='word_1_271' title='bbox 905 3912 937 3970; x_wconf 89' lang='lat' dir='ltr'>et</span> <span class='ocrx_word' id='word_1_272' title='bbox 964 3909 1110 3985; x_wconf 84' lang='lat' dir='ltr'>„puella”</span> <span class='ocrx_word' id='word_1_273' title='bbox 1135 3907 1315 3982; x_wconf 87' lang='lat' dir='ltr'>significare</span> <span class='ocrx_word' id='word_1_274' title='bbox 1339 3909 1455 3982; x_wconf 85' lang='lat' dir='ltr'>potest,</span> 
     </span>
     <span class='ocr_line' id='line_1_31' title="bbox 186 4021 1410 4102; baseline 0 -21"><span class='ocrx_word' id='word_1_275' title='bbox 186 4021 246 4082; x_wconf 90' lang='lat' dir='ltr'>hoc</span> <span class='ocrx_word' id='word_1_276' title='bbox 269 4021 339 4082; x_wconf 90' lang='lat' dir='ltr'>loco</span> <span class='ocrx_word' id='word_1_277' title='bbox 362 4024 473 4083; x_wconf 89' lang='lat' dir='ltr'>autem</span> <span class='ocrx_word' id='word_1_278' title='bbox 501 4023 606 4099; x_wconf 81' lang='lat' dir='ltr'>„filia”</span> <span class='ocrx_word' id='word_1_279' title='bbox 632 4026 694 4100; x_wconf 88' lang='lat' dir='ltr'>est,</span> <span class='ocrx_word' id='word_1_280' title='bbox 716 4022 854 4102; x_wconf 78' lang='grc' dir='ltr'><em>θυγάτηρ</em></span> <span class='ocrx_word' id='word_1_281' title='bbox 877 4039 933 4098; x_wconf 89' lang='lat' dir='ltr'>pro</span> <span class='ocrx_word' id='word_1_282' title='bbox 956 4023 1154 4096; x_wconf 84' lang='lat' dir='ltr'>glossemate</span> <span class='ocrx_word' id='word_1_283' title='bbox 1178 4023 1410 4096; x_wconf 87' lang='lat' dir='ltr'>accipiendum.</span> 
     </span>
    </p>

    <p class='ocr_par' dir='ltr' id='par_1_12' title="bbox 230 4133 1455 4216">
     <span class='ocr_line' id='line_1_32' title="bbox 230 4133 1455 4216; baseline 0 -23"><span class='ocrx_word' id='word_1_284' title='bbox 230 4138 254 4192; x_wconf 84' lang='lat' dir='ltr'>a</span> <span class='ocrx_word' id='word_1_285' title='bbox 278 4136 342 4195; x_wconf 82' lang='lat'>288</span> <span class='ocrx_word' id='word_1_286' title='bbox 365 4135 523 4215; x_wconf 85' lang='grc' dir='ltr'><em>κυθερείης</em></span> <span class='ocrx_word' id='word_1_287' title='bbox 544 4139 616 4213; x_wconf 68' lang='lat' dir='ltr'>cet„</span> <span class='ocrx_word' id='word_1_288' title='bbox 637 4133 800 4216; x_wconf 78' lang='grc' dir='ltr'><em>ἀφροδίτης</em></span> <span class='ocrx_word' id='word_1_289' title='bbox 821 4137 857 4214; x_wconf 82' lang='lat' dir='ltr'>G,</span> <span class='ocrx_word' id='word_1_290' title='bbox 882 4153 956 4198; x_wconf 85' lang='lat' dir='ltr'>cum</span> <span class='ocrx_word' id='word_1_291' title='bbox 983 4133 1036 4216; x_wconf 67' lang='grc' dir='ltr'>γρ.</span> <span class='ocrx_word' id='word_1_292' title='bbox 1061 4137 1121 4197; x_wconf 90' lang='lat' dir='ltr'>Pi.</span> <span class='ocrx_word' id='word_1_293' title='bbox 1136 4151 1191 4212; x_wconf 85' lang='lat' dir='ltr'>m.,</span> <span class='ocrx_word' id='word_1_294' title='bbox 1215 4138 1320 4195; x_wconf 81' lang='lat' dir='ltr'>metro</span> <span class='ocrx_word' id='word_1_295' title='bbox 1343 4135 1455 4209; x_wconf 78' lang='lat' dir='ltr'>invito,</span> 
     </span>
    </p>
   </div>
   <div class='ocr_carea' id='block_1_6' title="bbox 152 4242 1456 4557">
    <p class='ocr_par' dir='ltr' id='par_1_13' title="bbox 152 4242 1456 4557">
     <span class='ocr_line' id='line_1_33' title="bbox 186 4242 1456 4323; baseline -0.001 -15"><span class='ocrx_word' id='word_1_296' title='bbox 186 4249 269 4322; x_wconf 89' lang='lat' dir='ltr'>quod</span> <span class='ocrx_word' id='word_1_297' title='bbox 292 4242 332 4308; x_wconf 84' lang='lat' dir='ltr'>P²</span> <span class='ocrx_word' id='word_1_298' title='bbox 355 4249 512 4323; x_wconf 89' lang='lat' dir='ltr'>corrigere</span> <span class='ocrx_word' id='word_1_299' title='bbox 536 4252 672 4312; x_wconf 90' lang='lat' dir='ltr'>conatus</span> <span class='ocrx_word' id='word_1_300' title='bbox 696 4253 747 4310; x_wconf 87' lang='lat' dir='ltr'>est</span> <span class='ocrx_word' id='word_1_301' title='bbox 769 4251 891 4311; x_wconf 91' lang='lat' dir='ltr'>inserto</span> <span class='ocrx_word' id='word_1_302' title='bbox 913 4244 946 4310; x_wconf 91' lang='grc' dir='ltr'>τ’.</span> <span class='ocrx_word' id='word_1_303' title='bbox 971 4251 1030 4310; x_wconf 79' lang='lat' dir='ltr'>Est</span> <span class='ocrx_word' id='word_1_304' title='bbox 1049 4267 1066 4309; x_wconf 90' lang='grc' dir='ltr'><em>ο</em></span> <span class='ocrx_word' id='word_1_305' title='bbox 1089 4252 1150 4311; x_wconf 84' lang='lat'>193</span> <span class='ocrx_word' id='word_1_306' title='bbox 1171 4250 1272 4310; x_wconf 90' lang='lat' dir='ltr'>etiam</span> <span class='ocrx_word' id='word_1_307' title='bbox 1293 4248 1456 4322; x_wconf 86' lang='lat' dir='ltr'>glossema</span> 
     </span>
     <span class='ocr_line' id='line_1_34' title="bbox 186 4359 865 4440; baseline 0.006 -20"><span class='ocrx_word' id='word_1_308' title='bbox 186 4359 342 4440; x_wconf 77' lang='grc' dir='ltr'><em>ἀφροδίτη,</em></span> <span class='ocrx_word' id='word_1_309' title='bbox 364 4363 397 4422; x_wconf 93' lang='lat' dir='ltr'>in</span> <span class='ocrx_word' id='word_1_310' title='bbox 420 4365 514 4424; x_wconf 88' lang='lat' dir='ltr'>textu</span> <span class='ocrx_word' id='word_1_311' title='bbox 539 4364 582 4423; x_wconf 93' lang='lat' dir='ltr'>ibi</span> <span class='ocrx_word' id='word_1_312' title='bbox 606 4379 670 4424; x_wconf 93' lang='lat' dir='ltr'>non</span> <span class='ocrx_word' id='word_1_313' title='bbox 692 4365 865 4424; x_wconf 90' lang='lat' dir='ltr'>invenitur.</span> 
     </span>
     <span class='ocr_line' id='line_1_35' title="bbox 152 4475 1044 4557; baseline 0.003 -19"><span class='ocrx_word' id='word_1_314' title='bbox 152 4481 154 4486; x_wconf 81' lang='grc'>’</span> <span class='ocrx_word' id='word_1_315' title='bbox 232 4479 295 4538; x_wconf 80' lang='grc'>524</span> <span class='ocrx_word' id='word_1_316' title='bbox 320 4475 453 4556; x_wconf 76' lang='grc' dir='ltr'><em>πρόσθεν</em></span> <span class='ocrx_word' id='word_1_317' title='bbox 477 4477 501 4537; x_wconf 94' lang='grc' dir='ltr'>Ρ</span> <span class='ocrx_word' id='word_1_318' title='bbox 525 4477 578 4554; x_wconf 79' lang='lat' dir='ltr'>al,</span> <span class='ocrx_word' id='word_1_319' title='bbox 602 4475 789 4557; x_wconf 76' lang='grc' dir='ltr'><em>προπάροιθε</em></span> <span class='ocrx_word' id='word_1_320' title='bbox 812 4478 864 4540; x_wconf 82' lang='lat' dir='ltr'>GF</span> <span class='ocrx_word' id='word_1_321' title='bbox 888 4478 929 4542; x_wconf 83' lang='lat' dir='ltr'>al.</span> <span class='ocrx_word' id='word_1_322' title='bbox 954 4477 1044 4541; x_wconf 72' lang='lat' dir='ltr'>Euat.</span> 
     </span>
    </p>
   </div>
   <div class='ocr_carea' id='block_1_7' title="bbox 221 4719 781 4787">
    <p class='ocr_par' dir='ltr' id='par_1_14' title="bbox 221 4713 781 4787">
     <span class='ocr_line' id='line_1_36' title="bbox 221 4719 781 4787; baseline 0.005 -16"><span class='ocrx_word' id='word_1_323' title='bbox 221 4719 241 4784; x_wconf 82' lang='grc'>1)</span> <span class='ocrx_word' id='word_1_324' title='bbox 257 4720 340 4771; x_wconf 85' lang='lat' dir='ltr'>Lehrs</span> <span class='ocrx_word' id='word_1_325' title='bbox 357 4722 389 4770; x_wconf 88' lang='lat' dir='ltr'>de</span> <span class='ocrx_word' id='word_1_326' title='bbox 407 4721 483 4770; x_wconf 82' lang='lat' dir='ltr'>Arist.</span> <span class='ocrx_word' id='word_1_327' title='bbox 501 4722 568 4771; x_wconf 86' lang='lat' dir='ltr'>stud.</span> <span class='ocrx_word' id='word_1_328' title='bbox 585 4719 663 4772; x_wconf 75' lang='lat' dir='ltr'>Hom²</span> <span class='ocrx_word' id='word_1_329' title='bbox 680 4737 705 4787; x_wconf 83' lang='lat' dir='ltr'><strong>p</strong></span> <span class='ocrx_word' id='word_1_330' title='bbox 724 4724 781 4774; x_wconf 78' lang='grc'><strong>348.</strong></span> 
     </span>
    </p>
   </div>
   <div class='ocr_carea' id='block_1_8' title="bbox 0 0 1698 5366">
    <p class='ocr_par' dir='ltr' id='par_1_15' title="bbox 0 0 1698 5366">
     <span class='ocr_line' id='line_1_37' title="bbox 0 0 1698 5366; baseline 0 0"><span class='ocrx_word' id='word_1_331' title='bbox 0 0 1698 5366; x_wconf 95' lang='lat' dir='ltr'> </span> 
     </span>
    </p>
   </div>
   <div class='ocr_carea' id='block_1_9' title="bbox 1682 4179 1688 5072">
    <p class='ocr_par' dir='ltr' id='par_1_16' title="bbox 1682 4179 1688 5072">
     <span class='ocr_line' id='line_1_38' title="bbox 1682 4179 1688 5072; baseline 0 0"><span class='ocrx_word' id='word_1_332' title='bbox 1682 4179 1688 5072; x_wconf 95' lang='lat' dir='ltr'> </span> 
     </span>
    </p>
   </div>
  </div>
 </body>
</html>
